2725 4750
209 334 923 449 merrr.ruv.'crrrrnrcnurr.
950 384 1014 470 a„

99 512 279 616 ‚utrimque
294 516 508 602 discrimine,
527 517 641 595 tenire
657 517 693 591 iri
715 512 883 615 judicium.
903 518 1018 593 Actes

102 627 251 731 ‘quidem
265 635 311 711 iti
325 641 417 739 gestae
431 636 517 711 suut.

160 757 275 841 'nudie
290 774 400 842 autem
415 757 662 845 Callimachum
682 783 752 829 non
773 756 880 831 soltim
898 756 1018 830 habete

107 876 147 947 in
159 878 274 950 animo
287 879 330 953 de
340 879 418 980 ipss·
425 880 617 953 criminibus
629 878 710 973 fassa
723 878 851 965 dicere,
865 877 922 951 sed
932 876 1020 951 arbi-

101 997 215 1073 trium
235 988 335 1102 etiarn
357 1024 602 1104 negaturum,
597 1009 634 1077 &
653 999 850 1075 meditatum
871 998 934 1073 esse
954 1000 1019 1071 hu·
1107 984 1111 993 ’

109 1094 259 1216 jusmodi
271 1120 478 1215 orationem3
495 1120 529 1193 se
546 1146 667 1226 nempe
678 1118 837 1195 arbitrum
833 1146 1019 1223 nunquam

111 1237 321 1339 sumpturum
337 1239 430 1313 fuisse
442 1242 686 1317 Nicomachum
693 1268 817 1341 ‚quern
826 1241 911 1313 olim
924 1240 1020 1315 nobis
1092 1306 1098 1319 .

111 1356 312 1433 familiarem
339 1360 402 1435 esse
428 1360 552 1449 sciret,
580 1389 642 1436 nec
669 1338 734 1442 esse
764 1360 1021 1445 consentaneum

112 1471 271 1553 ducentas
281 1506 343 1579 pro
356 1472 464 1555 decies
476 1469 567 1555 misse
578 1482 745 1585 drachmis
758 1480 865 1582 ipsum
877 1480 1020 1581 accipere

112 1599 298 1675 voluisse.

161 1722 236 1795 Vos
261 1747 371 1802 autern
388 1723 598 1799 consideretis
617 1721 744 1809 velim,
765 1722 933 1823 primum,
958 1749 1019 1795 nos
1075 1738 1079 1745 ’

112 1839 157 1914 ad
171 1841 350 1928 arbitrum,
365 1871 434 1915 non
452 1870 486 1917 re
502 1842 734 1928 controversi,
753 1843 811 1916 sed
828 1844 922 1917 certis
937 1868 1018 1915 corr-

112 1961 297 2037 ditionibus
309 1942 440 2039 venisse.
461 1943 575 2063 Quare
591 1966 675 2039 nihil
688 1964 817 2039 absurdi
827 1963 1022 2037 fecitCalli-

111 2079 277 2169 machus,
294 2084 318 2158 fi
336 2086 579 2165 Nicomachum
602 2070 762 2159 arbitrum
780 2072 940 2187 elegerit3
961 2084 1020 2158 sed

106 2202 225 2293 'multb
244 2204 353 2303 potitis
379 2201 503 2279 fecisset
527 2193 729 2292 absurdum,
750 2194 798 2292 st',
820 2232 924 2305 quum
944 2197 1020 2277 tem

111 2322 219 2423 ipsam
235 2323 456 2426 transegisset,
477 2326 519 2399 de
538 2325 659 2399 arbitro
675 2324 840 2400 rixaretur.
865 2324 1019 2410 Deinde,

113 2444 138 2516 st
152 2445 211 2544 ipsi
221 2444 329 2519 decies
343 2445 436 2519 mille
451 2447 613 2520 drachmae
626 2447 844 2530 deberentur,
857 2472 927 2516 non
942 2444 1021 2518 esset
1053 2485 1055 2490 ¹

107 2565 290 2640 verifimile
300 2567 409 2670 ipsum
415 2567 541 2668 duabus
554 2565 653 2640 minis
663 2577 856 2639 contentum
867 2563 1020 2638 decidisse

114 2711 198 2759 tem.
217 2686 281 2758 Sed
293 2713 397 2786 quum
412 2687 527 2786 injustd
538 2686 764 2758 criminaretur
778 2694 814 2758 &
824 2709 882 2785 per
894 2683 1020 2757 calum·

114 2803 231 2890 niani,
252 2796 336 2881 nihil
349 2806 426 2878 miri
438 2808 484 2878 est
496 2805 604 2908 ipsum
620 2805 786 2878 tantillum
798 2805 942 2904 accipere
961 2831 1021 2876 vo-

113 2925 218 3000 luisse.
239 2931 414 3012 Praeterea,
425 2926 566 3027 sr-niusta
576 2926 768 3028 postulavit,
781 2953 882 3026 pauca
892 2919 1019 3025 exegit,

110 3073 188 3122 riou
196 3047 248 3120 isti
257 3046 375 3120 exinde
385 3073 615 3148 argumentum
625 3049 729 3121 oritur
741 3098 752 3132 ,
766 3047 937 3120 arbitrium
950 3071 1020 3120 non

115 3165 320 3240 intercessisse
330 3219 341 3252 ,
353 3167 412 3241 sed
423 3169 529 3241 multb
538 3167 647 3268 potius
661 3167 757 3240 nobis
770 3217 782 3252 ,
796 3168 891 3240 istum
905 3193 966 3239 nos
978 3167 1020 3238 ab

113 3287 446 3388 initioperinjutiam
457 3289 623 3363 accusasse.
633 3289 746 3361 Miror
754 3313 866 3362 autem
876 3287 1021 3384 eumqui

110 3404 152 3478 se
176 3403 265 3505 posse
284 3406 466 3506 intelligere
483 3431 600 3506 putet,
618 3433 688 3478 non
707 3405 770 3480 esse
788 3405 960 3481 verifimile
973 3440 976 3450 ·
988 3405 1022 3479 se

117 3552 181 3625 pto
200 3526 308 3599 decies
328 3527 419 3598 mille
440 3527 606 3609 drachmis,
626 3526 945 3628 ducentas‘accipere
964 3547 1024 3599 vo·-

118 3643 230 3732 luisse,
246 3647 376 3720 credere
387 3673 441 3720 me
451 3672 521 3720 non
533 3644 670 3746 potuisse
680 3646 881 3750 excogitate,
894 3646 917 3720 st
928 3672 1023 3720 men·
