2725 4750
117 238 123 246 ’
191 266 263 349 ur
279 265 885 351 ιιιιιιιιιιιοιιιοιιιιιοὸ
955 276 995 369 ι,

70 408 116 493 de
129 445 193 493 me
206 420 410 507 concitavit,
426 418 628 505 diffemem,
647 446 704 493 me
715 420 846 494 causam
859 420 1002 494 deterio-

70 561 146 614 rem
161 542 292 617 habere
307 543 524 618 arbitremini.
550 540 624 619 Vos
642 543 743 645 igitur
758 569 820 615 oro
839 566 876 615 ut
894 543 1002 619 verbis

71 662 262 739 adversarii
277 665 382 739 fidem
399 692 462 739 nec
479 664 649 752 habeatis,
666 691 729 737 nec
741 663 905 765 abrogatis
918 718 929 749 ,
944 690 1004 737 an-

74 804 220 882 tequam
243 790 389 862 nosttatn
412 812 547 887 quoque
571 785 801 861 defenfionem
823 809 929 859 totam
944 814 1004 860 au-

74 903 207 979 dieritis
225 938 234 980 r
258 912 440 1011 cogitantes
454 908 616 983 nimirirm
634 908 914 1009 supervacaneum
931 907 1004 982 fote

75 1025 139 1098 reis
153 1055 223 1127 pto
242 1028 276 1103 se
291 1029 428 1103 dicendi
446 1032 641 1131 potestatem
658 1028 753 1133 dari,
775 1028 885 1103 srfieri
899 1026 1006 1129 poffet

78 1171 114 1219 ut
123 1175 164 1221 ex
179 1143 254 1223 soli
265 1151 459 1224 accusatoris
473 1152 626 1225 oratione
635 1150 818 1225 secundirm
830 1160 879 1249 jus
893 1150 1005 1224 decer·

77 1291 225 1343 neretur.
247 1273 348 1344 Nunc
363 1271 474 1345 utritm
489 1271 687 1374 accusatorie
701 1270 768 1344 sese
781 1272 956 1371 quisquam
968 1298 1005 1347 ac

79 1390 248 1465 malitiose
261 1390 401 1479 inferat,
419 1420 521 1467 nemo
537 1417 655 1465 eorum
670 1394 729 1492 qui
743 1392 862 1467 adsunt
874 1388 1005 1493 ignora-

81 1514 183 1587 veritt
203 1538 249 1587 an
264 1541 374 1589 autem
385 1515 462 1588 verti
476 1539 585 1587 utatur
598 1514 771 1599 oratione,
789 1514 941 1587 nonditm
953 1524 1004 1614 ju-

81 1631 210 1711 dicibus
227 1640 366 1741 cognitu
380 1638 476 1711 facile
496 1640 542 1711 est
558 1663 599 1710 ex
614 1636 654 1709 iis
668 1664 740 1735 qua
754 1635 874 1709 dixerit
886 1637 975 1737 prior
988 1663 1001 1733 3

83 1756 138 1830 sed
157 1753 252 1854 boni
264 1758 505 1832 consulendum
526 1757 549 1830 st
571 1784 611 1830 ex
631 1759 777 1855 utrisque
797 1757 1002 1831 orationibus

84 1880 260 1953 veritatem
272 1889 309 1953 &
320 1880 508 1979 aequitatem
523 1878 645 1978 poffint
656 1878 785 1952 elicere.

129 2002 254 2102 Neque
270 2005 348 2076 verb
361 2030 419 2075 eos
432 2002 538 2075 miror
550 2002 609 2100 qui
624 2002 697 2102 plus
713 2002 870 2102 temporis
883 2000 1002 2074 consu-

86 2147 179 2195 munt
195 2124 234 2195 in
247 2123 436 2197 accusandis
449 2120 764 2208 calumniatoribus,
780 2122 882 2222 qudm
897 2122 934 2194 in
950 2122 1001 2197 se·

86 2244 228 2344 metipfis
236 2242 475 2330 defendendis,
485 2270 547 2318 nec
554 2268 612 2318 eos
619 2246 678 2344 qui
691 2244 807 2320 dicum
817 2245 1001 2319 maximum

89 2363 212 2441 malum
225 2362 291 2440 effe
304 2365 515 2441 calumniam
534 2364 630 2459 Quid
647 2366 739 2439 enim
761 2365 798 2440 eti
817 2364 889 2440 fieri
905 2366 1002 2468 poffit

90 2485 344 2573 maleficentius,
359 2511 431 2586 quae
452 2487 531 2559 facit
549 2511 586 2559 ιιι
602 2486 645 2559 de
664 2486 903 2560 mentientibus
914 2488 1002 2562 bene

90 2606 308 2693 existimetur,
323 2632 359 2680 ut
372 2608 469 2708 plane
480 2609 676 2680 innocentes
690 2607 1002 2682 videanturnocend

92 2720 219 2814 tiffimi,
243 2737 278 2802 &
290 2752 328 2802 nt
342 2729 467 2826 judices
482 2737 647 2830 pejerent3
666 2747 739 2829 qua
752 2728 898 2829 denique
910 2731 1000 2804 veri*

92 2849 159 2921 tatis
177 2849 289 2924 lucem
310 2851 496 2952 extinguit,
518 2859 554 2923 &
575 2848 655 2924 falsi
679 2849 842 2951 opinione
862 2849 1000 2928 imbutis

91 2970 293 3054 audientium
312 2973 454 3058 animis,
478 2971 663 3072 quemlibet
688 2974 813 3046 civium
832 2999 891 3074 per
912 2975 1002 3074 inju-

93 3089 169 3195 riam
180 3095 418 3168 circumvenit?
433 3096 546 3187 Quare
559 3092 807 3195 providendum
821 3096 867 3166 est
880 3078 1000 3168 natale

93 3212 167 3307 quid
179 3214 276 3287 vobis
291 3216 485 3316 contingat,
502 3239 559 3288 aut
572 3213 632 3315 ipfi
644 3240 684 3286 ea
700 3213 915 3288 committatis
926 3240 999 3316 quar

94 3329 130 3405 ab
142 3334 209 3410 aliis
222 3336 311 3411 fabia
328 3337 613 3438 reprehendentis.
636 3335 921 3414 Arbitrotautem
937 3365 998 3414 vos

138 3505 179 3597 [l.
189 3547 205 3582 2
214 3545 226 3600 3
236 3509 257 3602 .]
268 3497 472 3604 ᾸφνλιιιιΊίοι.
479 3522 575 3586 Velad
582 3508 606 3583 ri
614 3519 730 3582 subaudi
738 3507 810 3594 bd,
819 3521 864 3581 vel
872 3543 907 3582 eo
915 3519 995 3594 sensu

98 3619 182 3702 arripe
190 3644 248 3706 quo
260 3624 352 3685 Latini
361 3621 500 3698 dicerent,
512 3619 591 3704 qnod
602 3619 812 3704 precavendum
822 3621 861 3680 est
872 3640 919 3685 ne.
929 3667 936 3686 .
946 3666 970 3684 ..

780 3715 851 3819 tn
