2725 4750
399 403 722 468 amitttat
980 424 1015 486 a,

102 551 241 614 banorum
258 553 307 635 qui
323 550 551 635 praestantiffimos
561 547 732 611 Athenarum
748 566 871 611 oratores
885 548 937 610 sibi
949 571 1020 612 con,

107 677 252 752 eiliirunt,
267 699 315 762 pet
327 680 487 742 eorumdem
499 677 563 764 trgi
575 676 602 740 se
613 680 824 761 iniquitatem&
833 680 1018 752 violentiam,

104 803 142 864 de
154 804 254 887 quibus
266 825 296 866 ut
306 826 354 887 par
366 805 507 867 estdieere
521 823 674 888 nequeunt3
698 813 742 881 3⁰.
756 802 924 866 ostendendo
931 802 1019 888 quim

102 932 207 992 rationi
222 929 295 992 fotet
307 927 441 992 absonum
457 931 485 992 st
497 952 552 991 non
564 925 679 1012 adipisci
690 930 726 990 ab
738 928 945 998 Athenienfibtts
954 951 1018 1014 qua

102 1055 234 1119 Thebani
247 1058 338 1138 adepti
349 1056 410 1120 sunt
423 1059 553 1140 potentia
567 1059 664 1152 Attieae
675 1059 798 1140 perpetui
810 1058 928 1131 inimici.

145 1183 592 1248 Transttusadconfitmationem.
630 1265 633 1276 ¹

465 1310 653 1389 Confirmatio.
692 1350 695 1358 t

147 1436 181 1500 ld
203 1437 317 1519 probate
336 1437 480 1500 intendunt
501 1437 659 1502 Plataeensts
675 1440 806 1505 Plateam
822 1462 880 1504 nott
893 1439 1018 1505 ,debuiffe

104 1564 195 1639 dirui,
208 1587 325 1648 eamque
336 1564 433 1627 debere
444 1564 587 1629 instaurati
598 1616 607 1641 ,
629 1570 712 1654 idque
723 1573 855 1634 evincunt
867 1570 1018 1645 Thebanos

77 1751 79 1758 ,
101 1690 281 1776 ipsorumque
293 1692 446 1781 defensares
456 1692 634 1758 confutando.

146 1824 170 1880 1.
189 1819 322 1881 Probatur
333 1818 462 1881 Plateam
475 1842 531 1882 non
543 1819 663 1884 debuisse
677 1821 750 1884 dimi
764 1821 842 1906 qudd
858 1823 1017 1889 Plataeenset

103 1951 138 2008 itt
149 1944 348 2009 Thebanorum
358 1949 479 2010 coneilio
490 1949 579 2010 adesse
587 1949 743 2012 noluetum.
754 1951 886 2032 Namque
893 1950 1015 2031 ptimt'un

106 2073 142 2136 hi
157 2075 333 2157 persuadendi
346 2097 440 2145 etant,
456 2096 512 2137 non
525 2076 661 2161 eogendi,
677 2095 707 2136 ut
724 2074 754 2135 id
768 2073 888 2136 facerent
893 2098 905 2146 3
917 2075 1017 2138 deindd

104 2199 237 2304 Thebani
248 2202 326 2263 nullo
333 2208 392 2284 jute
401 2202 436 2263 ab
445 2201 490 2264 his
499 2201 635 2284 postulate
644 2211 770 2283 poterant
779 2218 810 2262 ut
819 2200 892 2282 apud
901 2199 929 2261 se
936 2199 1016 2261 ades-

101 2327 348 2391 sentineontilio.

149 2461 190 2519 11.
211 2457 339 2517 Probatur
351 2458 418 2517 item
434 2457 563 2519 Plateam
582 2476 637 2515 non
648 2453 768 2516 debuisse
780 2455 852 2517 dirui
862 2454 939 2538 qudd
952 2456 1017 2517 Pla·

106 2579 218 2644 tatnses
229 2580 283 2643 uni
295 2604 358 2643 cum
371 2580 585 2645 Lacedaemoniis
597 2579 702 2639 bellum
713 2578 863 2663 ‚gtffetinta
883 2579 1017 2662 fiquidem

107 2710 173 2770 illos
184 2709 266 2770 duces
278 2710 362 2770 inviti
374 2707 459 2769 secuti
473 2706 550 2769 sunta
571 2706 647 2790 quod
659 2704 722 2787 ipfis
730 2726 878 2773 commune
888 2704 943 2771 fuit
951 2728 1016 2777 eum

109 2834 206 2896 multis
221 2836 282 2896 aliis
294 2836 414 2908 Graecis,
428 2836 478 2917 qui
494 2832 668 2917 torpotibus,
687 2849 743 2893 non
755 2833 873 2905 animis,
886 2832 1017 2901 laconica

108 2962 239 3045 potentia
251 2964 278 3023 st
289 2962 478 3043 adjunxerunt.
593 3018 595 3027 t

97 3106 99 3114 ’
148 3088 285 3173 Digtessio
296 3090 326 3149 in
339 3086 532 3161 Athenienses,
550 3109 670 3172 quorum
688 3085 847 3150 humanitas
863 3088 1019 3151 crudelitati

108 3212 308 3278 Thebanorum
319 3219 476 3297 opponitur.

149 3348 203 3405 111.
227 3338 1018 3431 Vettim‚inquiuntThebani,obeommunemsoeiomm

105 3469 258 3531 utilitatem
273 3472 389 3553 egimus.
417 3470 467 3531 Sed
483 3470 589 3532 etiamst
605 3469 699 3533 teverti
711 3470 867 3531 communis
880 3466 1018 3548 soeiotttm

106 3594 216 3655 militas
231 3590 379 3675 postularet
395 3612 426 3655 ut
438 3595 537 3679 Plataea
548 3596 715 3677 dituetetut,
728 3592 858 3657 Thebani
868 3593 1019 3659 debuerunt

109 3718 205 3783 venite
219 3716 338 3782 Athenas
349 3740 406 3783 nost
415 3716 449 3781 eit
457 3725 515 3802 jam
527 3718 635 3793 excisi,
650 3740 678 3808 at
691 3718 777 3782 stante
788 3716 878 3780 adhuc
886 3765 897 3795 ,
916 3721 951 3783 dt
961 3725 1018 3803 ejus

786 3822 872 3898 Biv
