2725 4750
328 391 787 473 PLATAIC'U'S.
975 419 1020 491 43

102 533 391 637 composuissetis‚
404 539 525 614 relictis
537 537 632 616 vobis
644 540 687 616 ad
698 537 1030 616 Lacedaemoniorum

102 655 303 734 societatem
323 660 356 734 se
377 661 600 735 contulerunt.
633 661 681 735 Ac
703 663 786 737 Chii
808 659 970 762 quidem,
992 668 1030 733 &

105 777 298 877 Mitylenaei
308 783 501 880 &Byzantii
511 783 702 858 manserunt
714 785 749 856 in
762 785 848 880 fide3
858 783 908 854 isti
917 804 1031 854 autem

104 901 168 999 qui
187 926 315 1012 tantam
329 905 445 981 urbem
464 905 678 993 incolebant,
703 933 748 981 ne
766 905 933 1008 quiescere
952 903 1029 1003 qui·

106 1020 190 1094 dem
209 1051 247 1096 ac
267 1050 457 1100 neutrarum
481 1026 545 1100 elle
567 1028 712 1128 partium
736 1027 812 1101 sunt
833 1026 918 1111 aust,
936 1049 971 1098 at
989 1023 1028 1097 ei

106 1143 289 1222 timiditate
307 1157 344 1222 &
365 1149 628 1252 improbitate&
646 1151 791 1224 amenti&
808 1149 966 1232 fuerunt,
990 1169 1028 1220 ut

105 1264 251 1365 praestito
272 1270 486 1370 jurejurando
508 1269 701 1344 affirmlrint
722 1271 755 1345 se
772 1271 845 1345 illos
862 1270 1028 1346 secuturos

107 1384 176 1460 else
199 1389 314 1462 contri
338 1417 399 1464 vos
419 1390 478 1490 qui
499 1391 617 1464 urbem
637 1391 787 1492 ipsorum
804 1388 1028 1467 servaveraris.¹

105 1509 248 1610 Propter
261 1537 333 1609 quae
348 1522 461 1612 poenas'
482 1511 501 1584 l
515 1511 579 1586 diis
591 1511 745 1598 luentes,
761 1511 914 1586 Cadmel
925 1537 1027 1583 occu-

105 1629 206 1730 pari,
229 1631 347 1706 advos
363 1630 542 1733 confugere
559 1632 635 1707 sunt
656 1634 775 1708 coasti.
799 1633 904 1710 Unde
923 1632 1027 1706 etiam

106 1752 248 1856 perfidia
264 1781 379 1844 eorum
392 1757 537 1834 maxime
551 1756 720 1857 perspecta
734 1760 789 1830 est.
808 1758 897 1829 Nam
912 1754 1024 1829 denuo

106 1875 221 1948 vestris
236 1875 361 1950 auxiliis
374 1876 582 1963 conservati,
600 1886 636 1951 &
650 1879 688 1950 in
699 1877 792 1952 suam
803 1876 952 1977 ipsorum
963 1901 1030 1975 pa·

108 1995 378 2083 triamreduffi,
401 1997 582 2072 minimum
596 1999 736 2098 quidem
751 2022 880 2100 ternpus
900 1997 936 2068 in
956 1980 1023 2069 fide

107 2116 322 2191 manserunt:
341 2118 457 2193 verum
473 2119 582 2193 statim
599 2120 725 2222 legatos
740 2118 900 2194 miserunt
918 2120 1023 2190 Lace-

108 2236 299 2311 daemonem
311 2291 323 2324 ,
347 2239 452 2339 parati
476 2240 620 2327 servire,
645 2251 680 2315 &
705 2268 744 2315 ea
764 2240 880 2313 omnia
902 2238 1022 2337 exequi

110 2383 183 2456 quae
202 2364 269 2457 jam
282 2336 359 2432 anri
370 2358 600 2460 promiserant.
622 2360 718 2455 Quid
731 2360 842 2468 multis
855 2387 937 2462 opus
952 2361 1019 2433 est?

108 2474 173 2551 nili
191 2481 282 2553 enim
303 2480 353 2553 illi
375 2481 531 2582 Jullill'ent
551 2483 652 2583 recipi
673 2482 807 2568 exules,
826 2473 1021 2556 &militum

106 2600 244 2677 suorum
258 2603 418 2677 occisores
432 2604 514 2678 orbe
531 2603 627 2706 pelli,
646 2605 730 2676 nihil
748 2600 918 2677 obstitisset
932 2628 1021 2700 quo-

106 2722 218 2799 minus
239 2724 304 2798 uni
324 2752 401 2800 cum
417 2725 678 2801 Lacedaemoniis
701 2726 759 2826 qui
780 2724 867 2826 ipsos
892 2720 1019 2822 injuriis

105 2843 303 2931 affecerant,
321 2872 381 2920 vos
392 2845 521 2947 optime
536 2848 579 2921 de
593 2846 628 2921 se
642 2848 778 2921 meritos
792 2845 882 2920 bello
891 2871 1020 2949 oppug-

106 2991 234 3041 natent.

155 3184 228 3279 Qui
249 3185 349 3286 igitur
373 3195 410 3261 &
430 3214 535 3290 nuper
557 3188 591 3261 se
614 3187 694 3261 tales
715 3185 922 3288 prebuerunt
944 3185 1021 3285 ergl

61 3384 64 3392 s
106 3310 249 3385 vestram
263 3309 453 3397 civitatem,
467 3320 503 3385 &
518 3310 602 3385 olim
616 3332 723 3391 totam
734 3309 896 3383 Graecia'm
909 3306 1022 3409 prodi-

105 3428 259 3514 derunt,
285 3431 418 3507 veniam
441 3455 553 3505 tamen
579 3431 664 3513 adel)
690 3428 909 3514 voluntariis,
936 3427 1021 3526 adei>

105 3718 200 3782 delevi
214 3742 279 3783 curn
294 3725 398 3801 Batrie,
413 3721 480 3783 edit.
496 3708 556 3785 Bas.
571 3730 599 3785 δι
614 3719 677 3783 cod.
691 3725 733 3781 Η.
