<?xml version="1.0" encoding="UTF-8"?>
<!DOCTYPE html PUBLIC "-//W3C//DTD XHTML 1.0 Transitional//EN"
    "http://www.w3.org/TR/xhtml1/DTD/xhtml1-transitional.dtd">
<html xmlns="http://www.w3.org/1999/xhtml" xml:lang="en" lang="en">
 <head>
  <title>
</title>
<meta http-equiv="Content-Type" content="text/html;charset=utf-8" />
  <meta name='ocr-system' content='tesseract 3.04.00' />
  <meta name='ocr-capabilities' content='ocr_page ocr_carea ocr_par ocr_line ocrx_word'/>
</head>
<body>
  <div class='ocr_page' id='page_1' title='image "./isocratisoperao00augegoog_0227.png"; bbox 0 0 2725 4750; ppageno 0'>
   <div class='ocr_carea' id='block_1_1' title="bbox 232 295 1054 433">
    <p class='ocr_par' dir='ltr' id='par_1_1' title="bbox 232 295 1054 433">
     <span class='ocr_line' id='line_1_1' title="bbox 232 295 1054 433; baseline 0.006 -23"><span class='ocrx_word' id='word_1_1' title='bbox 232 295 856 415; x_wconf 61' lang='lat' dir='ltr'>murmuratorum:</span> <span class='ocrx_word' id='word_1_2' title='bbox 932 368 998 433; x_wconf 58' lang='grc' dir='ltr'>ως</span> <span class='ocrx_word' id='word_1_3' title='bbox 1050 300 1054 307; x_wconf 70' lang='grc'><strong>’</strong></span> 
     </span>
    </p>
   </div>
   <div class='ocr_carea' id='block_1_2' title="bbox 77 486 1004 943">
    <p class='ocr_par' dir='ltr' id='par_1_2' title="bbox 77 464 1004 943">
     <span class='ocr_line' id='line_1_2' title="bbox 77 486 1002 587; baseline 0.01 -38"><span class='ocrx_word' id='word_1_4' title='bbox 77 502 213 555; x_wconf 78' lang='lat' dir='ltr'>tantam</span> <span class='ocrx_word' id='word_1_5' title='bbox 224 486 372 583; x_wconf 78' lang='lat' dir='ltr'>pecuniae</span> <span class='ocrx_word' id='word_1_6' title='bbox 383 486 454 559; x_wconf 84' lang='lat' dir='ltr'>vim</span> <span class='ocrx_word' id='word_1_7' title='bbox 468 486 642 571; x_wconf 81' lang='lat' dir='ltr'>luctaturi,</span> <span class='ocrx_word' id='word_1_8' title='bbox 656 486 835 587; x_wconf 81' lang='lat' dir='ltr'>seu-pueris</span> <span class='ocrx_word' id='word_1_9' title='bbox 848 496 917 587; x_wconf 86' lang='lat' dir='ltr'>ejus</span> <span class='ocrx_word' id='word_1_10' title='bbox 928 512 1002 586; x_wconf 69' lang='lat' dir='ltr'>per⁴</span> 
     </span>
     <span class='ocr_line' id='line_1_3' title="bbox 78 599 1001 708; baseline 0.012 -36"><span class='ocrx_word' id='word_1_11' title='bbox 78 599 205 688; x_wconf 78' lang='lat' dir='ltr'>suasis,</span> <span class='ocrx_word' id='word_1_12' title='bbox 226 604 283 678; x_wconf 87' lang='lat' dir='ltr'>seu</span> <span class='ocrx_word' id='word_1_13' title='bbox 304 606 370 704; x_wconf 77' lang='lat' dir='ltr'>alio</span> <span class='ocrx_word' id='word_1_14' title='bbox 389 606 551 708; x_wconf 82' lang='lat' dir='ltr'>quopiam</span> <span class='ocrx_word' id='word_1_15' title='bbox 576 607 682 681; x_wconf 83' lang='lat' dir='ltr'>modo</span> <span class='ocrx_word' id='word_1_16' title='bbox 707 605 887 681; x_wconf 80' lang='lat' dir='ltr'>machinati</span> <span class='ocrx_word' id='word_1_17' title='bbox 907 634 1001 691; x_wconf 89' lang='lat' dir='ltr'>rem,</span> 
     </span>
     <span class='ocr_line' id='line_1_4' title="bbox 79 723 1004 829; baseline 0.006 -34"><span class='ocrx_word' id='word_1_18' title='bbox 79 723 336 801; x_wconf 62' lang='lat' dir='ltr'>adulterarunt?</span> <span class='ocrx_word' id='word_1_19' title='bbox 357 728 413 801; x_wconf 92' lang='lat' dir='ltr'>De</span> <span class='ocrx_word' id='word_1_20' title='bbox 432 728 483 801; x_wconf 81' lang='lat' dir='ltr'>lus</span> <span class='ocrx_word' id='word_1_21' title='bbox 497 728 597 827; x_wconf 87' lang='lat' dir='ltr'>igitur</span> <span class='ocrx_word' id='word_1_22' title='bbox 608 728 699 803; x_wconf 76' lang='lat' dir='ltr'>haud</span> <span class='ocrx_word' id='word_1_23' title='bbox 710 728 778 801; x_wconf 90' lang='lat' dir='ltr'>scio</span> <span class='ocrx_word' id='word_1_24' title='bbox 789 729 883 829; x_wconf 85' lang='lat' dir='ltr'>plura</span> <span class='ocrx_word' id='word_1_25' title='bbox 895 727 1004 801; x_wconf 78' lang='lat' dir='ltr'>dicere</span> 
     </span>
     <span class='ocr_line' id='line_1_5' title="bbox 82 846 422 943; baseline 0.006 -26"><span class='ocrx_word' id='word_1_26' title='bbox 82 846 250 943; x_wconf 73' lang='lat' dir='ltr'>quorsum</span> <span class='ocrx_word' id='word_1_27' title='bbox 262 850 422 941; x_wconf 75' lang='lat' dir='ltr'>attineat.</span> 
     </span>
    </p>
   </div>
   <div class='ocr_carea' id='block_1_3' title="bbox 82 1037 1004 1503">
    <p class='ocr_par' dir='ltr' id='par_1_3' title="bbox 82 1037 1004 1503">
     <span class='ocr_line' id='line_1_6' title="bbox 133 1037 1002 1140; baseline 0.006 -34"><span class='ocrx_word' id='word_1_28' title='bbox 133 1037 181 1110; x_wconf 86' lang='lat' dir='ltr'>ll.</span> <span class='ocrx_word' id='word_1_29' title='bbox 211 1046 257 1109; x_wconf 65' lang='lat'>1⁰2</span> <span class='ocrx_word' id='word_1_30' title='bbox 277 1038 353 1115; x_wconf 87' lang='lat' dir='ltr'>Jam</span> <span class='ocrx_word' id='word_1_31' title='bbox 368 1064 479 1112; x_wconf 90' lang='lat' dir='ltr'>autem</span> <span class='ocrx_word' id='word_1_32' title='bbox 493 1038 584 1112; x_wconf 87' lang='lat' dir='ltr'>Pasro</span> <span class='ocrx_word' id='word_1_33' title='bbox 596 1038 797 1139; x_wconf 88' lang='lat' dir='ltr'>quibusdam</span> <span class='ocrx_word' id='word_1_34' title='bbox 808 1038 1002 1140; x_wconf 83' lang='lat' dir='ltr'>persuadere</span> 
     </span>
     <span class='ocr_line' id='line_1_7' title="bbox 82 1160 1002 1263; baseline 0.007 -34"><span class='ocrx_word' id='word_1_35' title='bbox 82 1184 226 1232; x_wconf 86' lang='lat' dir='ltr'>conatus</span> <span class='ocrx_word' id='word_1_36' title='bbox 239 1162 286 1233; x_wconf 88' lang='lat' dir='ltr'>est</span> <span class='ocrx_word' id='word_1_37' title='bbox 304 1161 388 1233; x_wconf 84' lang='lat' dir='ltr'>mihi</span> <span class='ocrx_word' id='word_1_38' title='bbox 400 1161 528 1263; x_wconf 71' lang='lat' dir='ltr'>prorsus</span> <span class='ocrx_word' id='word_1_39' title='bbox 539 1163 644 1237; x_wconf 87' lang='lat' dir='ltr'>nullas</span> <span class='ocrx_word' id='word_1_40' title='bbox 655 1165 807 1263; x_wconf 87' lang='lat' dir='ltr'>pecunias</span> <span class='ocrx_word' id='word_1_41' title='bbox 822 1164 875 1235; x_wconf 74' lang='lat' dir='ltr'>hic</span> <span class='ocrx_word' id='word_1_42' title='bbox 888 1160 1002 1247; x_wconf 82' lang='lat' dir='ltr'>fuiffe,</span> 
     </span>
     <span class='ocr_line' id='line_1_8' title="bbox 82 1274 1003 1377; baseline 0.004 -26"><span class='ocrx_word' id='word_1_43' title='bbox 82 1279 180 1377; x_wconf 70' lang='lat' dir='ltr'>qubd</span> <span class='ocrx_word' id='word_1_44' title='bbox 202 1280 220 1352; x_wconf 72' lang='lat' dir='ltr'>a</span> <span class='ocrx_word' id='word_1_45' title='bbox 240 1281 397 1370; x_wconf 74' lang='lat' dir='ltr'>Stratocle</span> <span class='ocrx_word' id='word_1_46' title='bbox 413 1281 728 1355; x_wconf 85' lang='lat' dir='ltr'>trecentos·stateres</span> <span class='ocrx_word' id='word_1_47' title='bbox 740 1278 807 1355; x_wconf 52' lang='lat' dir='ltr'>‘fim</span> <span class='ocrx_word' id='word_1_48' title='bbox 827 1274 1003 1355; x_wconf 62' lang='lat' dir='ltr'>mutuatus}</span> 
     </span>
     <span class='ocr_line' id='line_1_9' title="bbox 84 1402 1004 1503; baseline 0.003 -33"><span class='ocrx_word' id='word_1_49' title='bbox 84 1402 204 1491; x_wconf 84' lang='lat' dir='ltr'><strong>Quare</strong></span> <span class='ocrx_word' id='word_1_50' title='bbox 217 1427 323 1501; x_wconf 85' lang='lat' dir='ltr'>operae</span> <span class='ocrx_word' id='word_1_51' title='bbox 339 1404 482 1503; x_wconf 87' lang='lat' dir='ltr'>pretium</span> <span class='ocrx_word' id='word_1_52' title='bbox 500 1406 546 1475; x_wconf 87' lang='lat' dir='ltr'>est</span> <span class='ocrx_word' id='word_1_53' title='bbox 563 1402 606 1475; x_wconf 88' lang='lat' dir='ltr'>de</span> <span class='ocrx_word' id='word_1_54' title='bbox 625 1404 675 1477; x_wconf 84' lang='lat' dir='ltr'>his</span> <span class='ocrx_word' id='word_1_55' title='bbox 693 1404 795 1477; x_wconf 82' lang='lat' dir='ltr'>etiam</span> <span class='ocrx_word' id='word_1_56' title='bbox 810 1402 945 1487; x_wconf 88' lang='lat' dir='ltr'>audire,</span> <span class='ocrx_word' id='word_1_57' title='bbox 967 1425 1004 1473; x_wconf 93' lang='lat' dir='ltr'>ut</span> 
     </span>
    </p>
   </div>
   <div class='ocr_carea' id='block_1_4' title="bbox 84 1521 1004 1716">
    <p class='ocr_par' dir='ltr' id='par_1_4' title="bbox 84 1521 1004 1716">
     <span class='ocr_line' id='line_1_10' title="bbox 84 1521 1004 1625; baseline 0.002 -33"><span class='ocrx_word' id='word_1_58' title='bbox 84 1521 195 1594; x_wconf 90' lang='lat' dir='ltr'>sciatis</span> <span class='ocrx_word' id='word_1_59' title='bbox 208 1524 326 1621; x_wconf 82' lang='lat' dir='ltr'>quibus</span> <span class='ocrx_word' id='word_1_60' title='bbox 339 1526 539 1625; x_wconf 85' lang='lat' dir='ltr'>argumentis</span> <span class='ocrx_word' id='word_1_61' title='bbox 552 1524 673 1611; x_wconf 81' lang='lat' dir='ltr'>fretur,</span> <span class='ocrx_word' id='word_1_62' title='bbox 692 1552 747 1598; x_wconf 88' lang='lat' dir='ltr'>me</span> <span class='ocrx_word' id='word_1_63' title='bbox 758 1524 904 1625; x_wconf 87' lang='lat' dir='ltr'>pecuniis</span> <span class='ocrx_word' id='word_1_64' title='bbox 915 1522 1004 1595; x_wconf 87' lang='lat' dir='ltr'>frau-</span> 
     </span>
     <span class='ocr_line' id='line_1_11' title="bbox 89 1644 211 1716; baseline 0.008 -1"><span class='ocrx_word' id='word_1_65' title='bbox 89 1644 160 1716; x_wconf 78' lang='lat' dir='ltr'>det.</span> <span class='ocrx_word' id='word_1_66' title='bbox 208 1670 211 1675; x_wconf 87' lang='lat'>·</span> 
     </span>
    </p>
   </div>
   <div class='ocr_carea' id='block_1_5' title="bbox 52 1838 1082 3394">
    <p class='ocr_par' dir='ltr' id='par_1_5' title="bbox 52 1838 1082 3394">
     <span class='ocr_line' id='line_1_12' title="bbox 52 1838 1000 1941; baseline 0.001 -32"><span class='ocrx_word' id='word_1_67' title='bbox 52 1853 55 1858; x_wconf 81' lang='grc'>’</span> <span class='ocrx_word' id='word_1_68' title='bbox 137 1839 232 1939; x_wconf 86' lang='lat' dir='ltr'>Ego,</span> <span class='ocrx_word' id='word_1_69' title='bbox 249 1838 568 1936; x_wconf 51' lang='lat' dir='ltr'>judices28tratocle</span> <span class='ocrx_word' id='word_1_70' title='bbox 582 1840 617 1925; x_wconf 74' lang='lat' dir='ltr'>in</span> <span class='ocrx_word' id='word_1_71' title='bbox 629 1844 776 1914; x_wconf 87' lang='lat' dir='ltr'>Pontum</span> <span class='ocrx_word' id='word_1_72' title='bbox 787 1840 1000 1941; x_wconf 85' lang='lat' dir='ltr'>navigaturo,</span> 
     </span>
     <span class='ocr_line' id='line_1_13' title="bbox 87 1952 1002 2063; baseline 0.001 -32"><span class='ocrx_word' id='word_1_73' title='bbox 87 1987 197 2059; x_wconf 89' lang='lat' dir='ltr'>quum</span> <span class='ocrx_word' id='word_1_74' title='bbox 219 1958 298 2032; x_wconf 76' lang='lat' dir='ltr'>inde</span> <span class='ocrx_word' id='word_1_75' title='bbox 316 1961 473 2063; x_wconf 83' lang='lat' dir='ltr'>plurimas</span> <span class='ocrx_word' id='word_1_76' title='bbox 495 1962 647 2061; x_wconf 82' lang='lat' dir='ltr'>pecunias</span> <span class='ocrx_word' id='word_1_77' title='bbox 665 1952 836 2063; x_wconf 84' lang='lat' dir='ltr'>exportare</span> <span class='ocrx_word' id='word_1_78' title='bbox 856 1960 1002 2051; x_wconf 75' lang='lat' dir='ltr'>vellem,</span> 
     </span>
     <span class='ocr_line' id='line_1_14' title="bbox 89 2070 1003 2187; baseline 0 -34"><span class='ocrx_word' id='word_1_79' title='bbox 89 2082 287 2155; x_wconf 85' lang='lat' dir='ltr'>Stratoclem</span> <span class='ocrx_word' id='word_1_80' title='bbox 306 2083 464 2187; x_wconf 84' lang='lat' dir='ltr'>rogabam</span> <span class='ocrx_word' id='word_1_81' title='bbox 487 2109 524 2156; x_wconf 92' lang='lat' dir='ltr'>ut</span> <span class='ocrx_word' id='word_1_82' title='bbox 544 2084 639 2177; x_wconf 84' lang='lat' dir='ltr'>suum</span> <span class='ocrx_word' id='word_1_83' title='bbox 660 2110 776 2157; x_wconf 86' lang='lat' dir='ltr'>aurum</span> <span class='ocrx_word' id='word_1_84' title='bbox 796 2084 880 2157; x_wconf 90' lang='lat' dir='ltr'>mihi</span> <span class='ocrx_word' id='word_1_85' title='bbox 900 2070 1003 2155; x_wconf 61' lang='lat' dir='ltr'>relinss</span> 
     </span>
     <span class='ocr_line' id='line_1_15' title="bbox 89 2202 1002 2307; baseline 0 -32"><span class='ocrx_word' id='word_1_86' title='bbox 89 2226 230 2303; x_wconf 87' lang='lat' dir='ltr'>queret,</span> <span class='ocrx_word' id='word_1_87' title='bbox 250 2202 351 2303; x_wconf 90' lang='lat' dir='ltr'>idque</span> <span class='ocrx_word' id='word_1_88' title='bbox 372 2204 408 2276; x_wconf 88' lang='lat' dir='ltr'>in</span> <span class='ocrx_word' id='word_1_89' title='bbox 434 2207 543 2278; x_wconf 88' lang='lat' dir='ltr'>Ponto</span> <span class='ocrx_word' id='word_1_90' title='bbox 563 2207 582 2276; x_wconf 68' lang='lat' dir='ltr'>a</span> <span class='ocrx_word' id='word_1_91' title='bbox 605 2230 697 2306; x_wconf 86' lang='lat' dir='ltr'>patre</span> <span class='ocrx_word' id='word_1_92' title='bbox 719 2232 797 2279; x_wconf 90' lang='lat' dir='ltr'>meo</span> <span class='ocrx_word' id='word_1_93' title='bbox 822 2206 1002 2307; x_wconf 84' lang='lat' dir='ltr'>reciperet,</span> 
     </span>
     <span class='ocr_line' id='line_1_16' title="bbox 90 2324 1004 2428; baseline 0 -30"><span class='ocrx_word' id='word_1_94' title='bbox 90 2352 254 2426; x_wconf 88' lang='lat' dir='ltr'>magnum</span> <span class='ocrx_word' id='word_1_95' title='bbox 265 2324 392 2402; x_wconf 88' lang='lat' dir='ltr'>lucrum</span> <span class='ocrx_word' id='word_1_96' title='bbox 405 2324 440 2399; x_wconf 86' lang='lat' dir='ltr'>id</span> <span class='ocrx_word' id='word_1_97' title='bbox 451 2325 515 2400; x_wconf 84' lang='lat' dir='ltr'>esse</span> <span class='ocrx_word' id='word_1_98' title='bbox 527 2351 612 2401; x_wconf 87' lang='lat' dir='ltr'>ratus</span> <span class='ocrx_word' id='word_1_99' title='bbox 624 2324 647 2401; x_wconf 89' lang='lat' dir='ltr'>sr</span> <span class='ocrx_word' id='word_1_100' title='bbox 659 2352 733 2402; x_wconf 81' lang='lat' dir='ltr'>mea</span> <span class='ocrx_word' id='word_1_101' title='bbox 747 2326 885 2428; x_wconf 85' lang='lat' dir='ltr'>pecunia</span> <span class='ocrx_word' id='word_1_102' title='bbox 897 2326 932 2398; x_wconf 90' lang='lat' dir='ltr'>in</span> <span class='ocrx_word' id='word_1_103' title='bbox 945 2326 1004 2398; x_wconf 76' lang='lat' dir='ltr'>rra-</span> 
     </span>
     <span class='ocr_line' id='line_1_17' title="bbox 90 2445 1003 2547; baseline -0.003 -29"><span class='ocrx_word' id='word_1_104' title='bbox 90 2447 263 2546; x_wconf 87' lang='lat' dir='ltr'>vigatione</span> <span class='ocrx_word' id='word_1_105' title='bbox 283 2473 354 2518; x_wconf 91' lang='lat' dir='ltr'>non</span> <span class='ocrx_word' id='word_1_106' title='bbox 375 2445 634 2546; x_wconf 85' lang='lat' dir='ltr'>periclitaretur,</span> <span class='ocrx_word' id='word_1_107' title='bbox 656 2445 833 2547; x_wconf 76' lang='lat' dir='ltr'>prasertim</span> <span class='ocrx_word' id='word_1_108' title='bbox 846 2473 949 2546; x_wconf 84' lang='lat' dir='ltr'>quum</span> <span class='ocrx_word' id='word_1_109' title='bbox 962 2471 1003 2518; x_wconf 91' lang='lat' dir='ltr'>eo</span> 
     </span>
     <span class='ocr_line' id='line_1_18' title="bbox 92 2553 1082 2668; baseline -0.006 -28"><span class='ocrx_word' id='word_1_110' title='bbox 92 2554 244 2668; x_wconf 78' lang='lat' dir='ltr'>tempure</span> <span class='ocrx_word' id='word_1_111' title='bbox 265 2568 509 2642; x_wconf 85' lang='lat' dir='ltr'>Lacedaemonii</span> <span class='ocrx_word' id='word_1_112' title='bbox 528 2569 627 2640; x_wconf 89' lang='lat' dir='ltr'>maris</span> <span class='ocrx_word' id='word_1_113' title='bbox 645 2553 827 2668; x_wconf 83' lang='lat' dir='ltr'>imperium</span> <span class='ocrx_word' id='word_1_114' title='bbox 845 2587 1006 2644; x_wconf 84' lang='lat' dir='ltr'>tenerent.</span> <span class='ocrx_word' id='word_1_115' title='bbox 1080 2595 1082 2600; x_wconf 95' lang='lat'>·</span> 
     </span>
     <span class='ocr_line' id='line_1_19' title="bbox 93 2685 1008 2788; baseline -0.004 -28"><span class='ocrx_word' id='word_1_116' title='bbox 93 2691 170 2762; x_wconf 92' lang='lat' dir='ltr'>Hoc</span> <span class='ocrx_word' id='word_1_117' title='bbox 185 2689 284 2788; x_wconf 90' lang='lat' dir='ltr'>igitur</span> <span class='ocrx_word' id='word_1_118' title='bbox 295 2688 345 2761; x_wconf 87' lang='lat' dir='ltr'>isti</span> <span class='ocrx_word' id='word_1_119' title='bbox 359 2716 429 2761; x_wconf 89' lang='lat' dir='ltr'>non</span> <span class='ocrx_word' id='word_1_120' title='bbox 447 2712 678 2788; x_wconf 88' lang='lat' dir='ltr'>argumentum</span> <span class='ocrx_word' id='word_1_121' title='bbox 691 2685 754 2760; x_wconf 83' lang='lat' dir='ltr'>effe</span> <span class='ocrx_word' id='word_1_122' title='bbox 766 2712 861 2772; x_wconf 89' lang='lat' dir='ltr'>reor,</span> <span class='ocrx_word' id='word_1_123' title='bbox 882 2708 937 2757; x_wconf 90' lang='lat' dir='ltr'>me</span> <span class='ocrx_word' id='word_1_124' title='bbox 950 2711 1008 2784; x_wconf 88' lang='lat' dir='ltr'>pe-</span> 
     </span>
     <span class='ocr_line' id='line_1_20' title="bbox 93 2795 1009 2904; baseline -0.004 -24"><span class='ocrx_word' id='word_1_125' title='bbox 93 2810 228 2882; x_wconf 86' lang='lat' dir='ltr'>cuniam</span> <span class='ocrx_word' id='word_1_126' title='bbox 251 2809 304 2880; x_wconf 72' lang='lat' dir='ltr'>hrc</span> <span class='ocrx_word' id='word_1_127' title='bbox 327 2837 396 2880; x_wconf 85' lang='lat' dir='ltr'>non</span> <span class='ocrx_word' id='word_1_128' title='bbox 430 2807 598 2904; x_wconf 81' lang='lat' dir='ltr'>habuiffe3</span> <span class='ocrx_word' id='word_1_129' title='bbox 623 2806 710 2881; x_wconf 85' lang='lat' dir='ltr'>mihi</span> <span class='ocrx_word' id='word_1_130' title='bbox 733 2831 844 2879; x_wconf 88' lang='lat' dir='ltr'>autem</span> <span class='ocrx_word' id='word_1_131' title='bbox 865 2795 1009 2878; x_wconf 79' lang='lat' dir='ltr'>maxima</span> 
     </span>
     <span class='ocr_line' id='line_1_21' title="bbox 94 2925 1006 3030; baseline -0.004 -29"><span class='ocrx_word' id='word_1_132' title='bbox 94 2953 289 3030; x_wconf 81' lang='lat' dir='ltr'>argumenta</span> <span class='ocrx_word' id='word_1_133' title='bbox 308 2929 381 3001; x_wconf 87' lang='lat' dir='ltr'>fore</span> <span class='ocrx_word' id='word_1_134' title='bbox 402 2954 483 3029; x_wconf 90' lang='lat' dir='ltr'>puto</span> <span class='ocrx_word' id='word_1_135' title='bbox 501 2954 539 3001; x_wconf 90' lang='lat' dir='ltr'>ea</span> <span class='ocrx_word' id='word_1_136' title='bbox 558 2955 630 3027; x_wconf 86' lang='lat' dir='ltr'>quae</span> <span class='ocrx_word' id='word_1_137' title='bbox 650 2955 727 3000; x_wconf 89' lang='lat' dir='ltr'>cum</span> <span class='ocrx_word' id='word_1_138' title='bbox 750 2926 907 3001; x_wconf 83' lang='lat' dir='ltr'>Stratocie</span> <span class='ocrx_word' id='word_1_139' title='bbox 931 2925 1006 3025; x_wconf 87' lang='lat' dir='ltr'>egi,</span> 
     </span>
     <span class='ocr_line' id='line_1_22' title="bbox 93 3032 1007 3151; baseline -0.004 -27"><span class='ocrx_word' id='word_1_140' title='bbox 93 3051 417 3151; x_wconf 61' lang='lat' dir='ltr'>apudrmmaumm</span> <span class='ocrx_word' id='word_1_141' title='bbox 431 3032 834 3151; x_wconf 72' lang='lat' dir='ltr'>furueime&#39;reporum..</span> <span class='ocrx_word' id='word_1_142' title='bbox 850 3044 1007 3120; x_wconf 63' lang='lat' dir='ltr'>stratocle</span> 
     </span>
     <span class='ocr_line' id='line_1_23' title="bbox 92 3168 1009 3271; baseline -0.007 -25"><span class='ocrx_word' id='word_1_143' title='bbox 92 3174 186 3246; x_wconf 88' lang='lat' dir='ltr'>enim</span> <span class='ocrx_word' id='word_1_144' title='bbox 201 3171 589 3271; x_wconf 81' lang='lat' dir='ltr'>interrogantequisnam</span> <span class='ocrx_word' id='word_1_145' title='bbox 600 3170 659 3243; x_wconf 84' lang='lat' dir='ltr'>fibi</span> <span class='ocrx_word' id='word_1_146' title='bbox 673 3169 849 3270; x_wconf 64' lang='lat' dir='ltr'>pecuniim</span> <span class='ocrx_word' id='word_1_147' title='bbox 862 3168 1009 3241; x_wconf 86' lang='lat' dir='ltr'>redditu·-</span> 
     </span>
     <span class='ocr_line' id='line_1_24' title="bbox 92 3291 1007 3394; baseline -0.005 -27"><span class='ocrx_word' id='word_1_148' title='bbox 92 3293 390 3394; x_wconf 80' lang='lat' dir='ltr'>ruteffet‚srpater</span> <span class='ocrx_word' id='word_1_149' title='bbox 400 3316 439 3366; x_wconf 82' lang='lat' dir='ltr'>ea</span> <span class='ocrx_word' id='word_1_150' title='bbox 449 3321 521 3393; x_wconf 81' lang='lat' dir='ltr'>quae</span> <span class='ocrx_word' id='word_1_151' title='bbox 531 3295 647 3367; x_wconf 75' lang='lat' dir='ltr'>litteris</span> <span class='ocrx_word' id='word_1_152' title='bbox 657 3292 814 3366; x_wconf 83' lang='lat' dir='ltr'>mandata</span> <span class='ocrx_word' id='word_1_153' title='bbox 824 3291 927 3364; x_wconf 81' lang='lat' dir='ltr'>essent</span> <span class='ocrx_word' id='word_1_154' title='bbox 937 3317 1007 3364; x_wconf 88' lang='lat' dir='ltr'>non</span> 
     </span>
    </p>
   </div>
   <div class='ocr_carea' id='block_1_6' title="bbox 95 3511 1005 3734">
    <p class='ocr_par' dir='ltr' id='par_1_6' title="bbox 95 3511 1005 3734">
     <span class='ocr_line' id='line_1_25' title="bbox 142 3511 1005 3638; baseline 0.007 -28"><span class='ocrx_word' id='word_1_155' title='bbox 142 3535 188 3628; x_wconf 79' lang='grc' dir='ltr'>[Ι.</span> <span class='ocrx_word' id='word_1_156' title='bbox 205 3535 257 3626; x_wconf 68' lang='grc' dir='ltr'>ιι]</span> <span class='ocrx_word' id='word_1_157' title='bbox 272 3555 334 3612; x_wconf 67' lang='lat' dir='ltr'>Pru}</span> <span class='ocrx_word' id='word_1_158' title='bbox 345 3545 417 3634; x_wconf 72' lang='grc' dir='ltr'>ξένῳ</span> <span class='ocrx_word' id='word_1_159' title='bbox 427 3553 490 3612; x_wconf 86' lang='lat' dir='ltr'>cod.</span> <span class='ocrx_word' id='word_1_160' title='bbox 504 3558 533 3613; x_wconf 85' lang='lat' dir='ltr'>X</span> <span class='ocrx_word' id='word_1_161' title='bbox 544 3563 572 3614; x_wconf 89' lang='lat'>&amp;</span> <span class='ocrx_word' id='word_1_162' title='bbox 583 3554 661 3616; x_wconf 76' lang='lat' dir='ltr'>Med.</span> <span class='ocrx_word' id='word_1_163' title='bbox 673 3555 777 3618; x_wconf 76' lang='lat' dir='ltr'>habeut</span> <span class='ocrx_word' id='word_1_164' title='bbox 789 3511 918 3636; x_wconf 61' lang='lat' dir='ltr'>rupuar</span> <span class='ocrx_word' id='word_1_165' title='bbox 928 3555 1005 3638; x_wconf 77' lang='lat' dir='ltr'>quod</span> 
     </span>
     <span class='ocr_line' id='line_1_26' title="bbox 95 3651 383 3734; baseline 0.01 -24"><span class='ocrx_word' id='word_1_166' title='bbox 95 3670 154 3710; x_wconf 87' lang='lat' dir='ltr'>nou</span> <span class='ocrx_word' id='word_1_167' title='bbox 170 3651 310 3734; x_wconf 81' lang='lat' dir='ltr'>improbo.</span> <span class='ocrx_word' id='word_1_168' title='bbox 379 3697 383 3706; x_wconf 83' lang='lat'>-</span> 
     </span>
    </p>
   </div>
   <div class='ocr_carea' id='block_1_7' title="bbox 0 0 1381 4750">
    <p class='ocr_par' dir='ltr' id='par_1_7' title="bbox 0 0 1381 4750">
     <span class='ocr_line' id='line_1_27' title="bbox 0 0 1381 4750; baseline 0 0"><span class='ocrx_word' id='word_1_169' title='bbox 0 0 1381 4750; x_wconf 95' lang='lat' dir='ltr'> </span> 
     </span>
    </p>
   </div>
  </div>
 </body>
</html>
