2725 4750
88 425 89 432 Ν
235 321 550 404 ‘AEGINETICA
576 318 799 403 ORATIO.
905 334 971 417 289

67 497 179 572 quot,
204 471 273 575 ipse
296 474 332 545 in
358 462 555 556 calamitates
578 473 682 546 incidi
705 473 913 574 gravissimas.
959 523 963 528 .

115 643 233 733 Quum
255 623 348 714 enirn
369 637 503 714 Melum
524 637 746 729 venissemus,
775 670 902 742 nosque
920 643 977 716 ille

73 745 210 834 sensisset
224 761 272 835 ibi
285 758 473 848 mansuros,
490 761 619 864 rogavit
633 787 668 836 ut
685 759 796 836 secum
809 765 980 866 navigare-

75 907 145 955 mus
157 875 378 968 Troezenem,
391 893 425 956 δε
436 873 470 957 se
479 909 689 984 nequaquam
701 884 979 983 relinqueremus3

76 1002 144 1074 nim
158 1003 304 1104 corporis
317 1003 527 1090 infirmitate,
546 1003 617 1076 uim
637 1003 849 1077 multitudine
863 1005 981 1077 inimi-

75 1149 187 1196 conrm
210 1126 497 1210 commemorati,-
520 1133 555 1198 &
578 1123 668 1224 qubd
692 1124 712 1196 i
735 1150 790 1196 me
806 1124 982 1220 'destitutus

76 1243 157 1316 nihil
174 1243 218 1316 de
230 1245 325 1318 rebus
339 1245 403 1318 suis
418 1249 555 1326 statuere
566 1244 682 1346 posset.
697 1245 859 1347 Quamvis
873 1257 985 1319 autem

76 1388 177 1437 mater
193 1392 268 1438 mea
281 1355 470 1451 metueret,
486 1346 566 1466 quia
583 1365 774 1438 morbosam
796 1365 859 1439 esse
877 1368 986 1467 regio·
1034 1462 1036 1465 Ι
1083 1440 1085 1443 ,

75 1511 151 1558 nem
162 1485 332 1570 audierat,
353 1496 389 1560 δε
405 1483 548 1587 hospites
563 1483 793 1561 suadebantur
805 1487 854 1560 ibi
866 1513 985 1561 mane·

76 1633 204 1693 remus,
225 1631 337 1680 tamen
359 1606 467 1682 visum
485 1611 531 1682 est
544 1608 641 1683 nobis
657 1635 789 1683 morem
804 1610 855 1682 illi
869 1635 988 1711 geren·

76 1727 155 1802 dum
168 1727 244 1804 esse.
261 1731 336 1802 Post
345 1729 435 1814 haec,
449 1729 556 1802 statim
570 1755 668 1829 arque
680 1733 882 1804 Troezenem
892 1731 988 1813 veni·

76 1863 175 1936 mus,
204 1849 283 1924 tales
306 1849 418 1922 morbi
440 1877 506 1922 nos·
531 1849 744 1935 invaserunt,
771 1850 893 1950 quibus
915 1849 986 1951 ipse

77 1970 178 2071 prope
195 1971 278 2070 petii
286 2021 298 2056 ,
313 1971 461 2046 sororem
475 1971 561 2044 certe
576 1996 710 2056 meam,
723 1970 866 2070 puellam
879 1995 985 2045 annos

78 2095 327 2196 quatuordecim
338 2117 467 2179 natam,
480 2093 566 2166 intr&
576 2093 645 2168 dies
658 2072 791 2192 triginta
798 2089 934 2191 sepelii,
947 2100 985 2164 &

79 2242 220 2290 matrem
234 2242 304 2288 non
319 2216 466 2314 quinque
474 2213 593 2287 diebus
608 2215 689 2312 post.
702 2215 815 2304 Quem
827 2212 906 2285 verb
916 2210 987 2294 ani·

79 2365 171 2411 mum
183 2363 239 2411 me
251 2335 387 2415 censetis
399 2333 565 2421 habuisse,
585 2333 674 2411 sanni
685 2332 771 2407 mihi
786 2333 859 2407 vitae
873 2355 987 2406 muta·

79 2461 168 2535 tione
180 2458 287 2535 fassa?
301 2486 360 2559 qur
349 2458 527 2561 superiori
539 2480 688 2559 tempore
699 2482 810 2557 expers
821 2456 987 2532 malorum

80 2582 249 2667 vixeram,
273 2610 309 2653 ac
323 2608 426 2683 nuper
443 2580 577 2655 exilium
593 2603 764 2702 expertus,
784 2574 987 2674 inquilinum

79 2702 164 2823 apud
177 2702 259 2775 alios
267 2728 383 2804 agere,
398 2710 430 2775 δέ
442 2699 524 2773 meis
534 2696 651 2800 opibus
663 2724 771 2771 carere
782 2696 986 2784 didiseram,

81 2848 222 2897 matrem
234 2823 378 2923 denique
390 2849 500 2895 meam
514 2830 549 2895 &
560 2818 708 2893 sororem
720 2803 875 2893 videbam
885 2814 988 2931 patria

80 2950 278 3043 eje&as,&
296 2945 332 3017 in
352 2940 521 3045 peregrina
538 2940 622 3023 terra
637 2966 737 3042 arque
754 2938 841 3041 apud
861 2938 987 3028 alienos
1040 2944 1043 2949 “

82 3058 359 3141 vitamfinienres.
387 3067 501 3157 Quare
516 3088 617 3137 nemo
629 3063 715 3165 mihi
725 3057 989 3160 jureinvidebit,

82 3186 104 3303 s
120 3172 204 3285 quid
220 3186 238 3258 ὲ
251 3182 471 3299 Thrasylochi
487 3183 583 3257 rebus
603 3176 777 3255 commodi
797 3177 989 3278 acceperim.

82 3388 984 3419 Μ

133 3536 177 3628 [¹-
196 3536 248 3632 3·]
271 3549 356 3633 Vulg.
369 3514 453 3615 ἦλθον
465 3589 479 3629 ,Ι
497 3542 560 3607 dedi
575 3536 699 3626 subruar
711 3563 776 3605 cum
786 3511 874 3603 sanie
884 3506 989 3598 &edin

88 3646 149 3713 Bas.
969 3682 973 3689 .

188 3754 283 3826 Tome
301 3714 374 3824 ΙΙΙ.Ι
813 3740 846 3810 T
912 3720 915 3726 ’
