2725 4750
60 331 62 335 ⁴
123 306 129 317 ⁹
146 304 211 383 DE
226 301 617 385 PERMUTATIONE
630 306 832 388 ORATIO.
898 325 948 408 77

41 440 222 555 p'offe‘quae
235 430 473 540 decrevissem,
493 480 557 529 nec
574 482 652 529 cum
667 456 771 557 gratid
785 457 827 531 de
846 458 886 531 iis
910 468 948 533 δε

41 576 100 649 line
112 576 239 652 inviditl
248 575 471 679 polledicere.
490 577 526 651 Si
534 601 649 651 autem
661 603 718 653 me
735 579 771 651 in
783 580 950 679 judicium

39 695 96 769 elle
108 720 262 771 vocatum
274 706 311 771 δι
323 696 362 770 in
375 695 553 772 discrimen
564 699 745 775 adductum
758 726 944 801 ponerem,-

39 826 71 890 &
82 816 136 916 qui
146 816 234 889 mihi
246 816 342 890 litem
352 815 559 903 intendisset,
566 846 606 891 ac
619 818 794 921 negotium
806 818 944 892 facess‘e-

40 963 100 1024 ret,
113 938 178 1013 else
195 939 495 1037 calumniatorem
509 940 663 1040 huncque
677 941 718 1013 iis
733 942 941 1014 criminatio-

39 1060 123 1133 nibus
137 1061 187 1134 uti
196 1088 269 1159 quae
280 1061 451 1161 injudicio
464 1048 718 1163 permutationis
731 1062 833 1137 allata
844 1063 940 1150 sunt,

39 1210 86 1256 me
99 1184 200 1257 verba
215 1182 321 1257 facere
335 1212 393 1287 per
405 1183 550 1286 speciem
564 1183 782 1260 defensionis:
800 1185 843 1259 stc
854 1186 941 1259 mihi

38 1303 164 1377 demdm
185 1305 343 1380 videbam
367 1305 556 1407 praeclaram
576 1306 783 1379 occafionem
804 1306 876 1381 fore
895 1306 939 1381 de

38 1426 238 1501 iisomnibus
251 1427 296 1503 de
308 1428 429 1529 quibus
442 1428 512 1529 ipse
525 1428 629 1503 velim
642 1427 831 1503 differendi.

79 1550 159 1641 Qua
173 1576 281 1647 quum
295 1548 497 1649 cogitarem,
513 1547 599 1620 hanc
611 1548 798 1622 orationem
811 1548 939 1650 scripfi,

39 1693 99 1739 non
108 1670 209 1741 aetatis
221 1666 391 1753 flore,sed
400 1690 496 1741 natus
504 1696 610 1743 annos
621 1661 939 1777 duos&o&oginta.
1015 1670 1017 1675 ’
1154 1675 1157 1684 ’

38 1784 237 1893 Quapropter
251 1774 349 1866 venia
362 1791 475 1866 danda
487 1788 584 1865 eritsr
599 1791 805 1897 orationibus
819 1792 940 1893 prillsd

39 1938 85 1984 me
96 1911 190 1987 editis
203 1913 340 1987 mollior
358 1910 423 1987 erle
440 1912 618 1987 videbitur.
639 1915 712 1986 Nec
725 1914 817 1987 enim
835 1912 940 1987 facilis

38 2031 109 2117 luit,
125 2062 235 2134 neque
248 2033 406 2136 simplex,
424 2058 457 2107 at
469 2030 690 2135 multiplicem
704 2061 815 2108 rerum
830 2036 940 2111 vatie-

38 2178 127 2230 tatem
138 2156 309 2231 exlilbens.
329 2156 420 2229 Nam
435 2168 508 2256 qua
526 2155 580 2228 hle
593 2156 712 2259 scripta
729 2156 852 2245 affero,
865 2184 939 2260 pat-

37 2278 91 2351 tlm
102 2280 137 2351 in
148 2280 278 2380 Judiciis
288 2280 355 2353 dici
370 2278 551 2353 commode
564 2304 691 2380 queunt
702 2332 713 2365 ‚
728 2281 849 2381 partlm
863 2281 939 2355 tali·
1029 2372 1030 2376 Ἰ

35 2401 88 2475 bus
98 2403 328 2477 certaminibus
338 2429 409 2475 non
418 2402 493 2476 sunt
504 2400 645 2487 idonea,
658 2400 717 2475 sed
727 2401 769 2475 de
781 2401 939 2503 eloquen-

36 2523 74 2596 tid
85 2523 186 2598 libere
202 2525 313 2611 tritta,
332 2534 369 2599 &
387 2551 460 2625 quae
476 2523 572 2625 ipsius
590 2524 662 2597 vim
679 2523 865 2597 ostendant.
886 2527 940 2598 Est

35 2645 126 2718 etiam
136 2647 204 2720 tale
222 2647 348 2747 aliquid
363 2645 457 2746 quod
467 2644 730 2719 adolescentibus
742 2644 938 2720 eruditionis

36 2766 317 2869 &disciplinatum
327 2765 454 2867 cupidis
463 2818 475 2851 ,
485 2764 644 2839 audivisse
655 2765 829 2840 conducat.
842 2767 939 2840 Mul-

36 2908 64 2958 ta
77 2915 209 2988 quoque
226 2887 312 2960 olim
328 2887 415 2960 alme
428 2885 565 2986 scripta,
577 2884 702 2958 inserta
712 2885 787 2960 sunt
800 2887 851 2961 his
864 2915 936 2988 quae
1013 2929 1015 2934 Α

35 3010 112 3081 nunc
132 3010 314 3093 dicuntur,
339 3035 410 3080 non
437 3008 562 3080 temerd
591 3033 653 3080 nec
679 3007 935 3108 intempestive„

33 3131 139 3204 vetltm
150 3129 304 3205 instituto
317 3134 395 3203 meo
406 3128 654 3204 convenienter.
677 3130 942 3229 Tantamigitur

76 3433 117 3526 [l.
136 3471 167 3526 4.
181 3434 196 3527 ]
220 3435 279 3511 Kal
293 3439 347 3524 {tit
360 3446 447 3508 velim
460 3418 545 3507 deleri
556 3439 619 3509 alr.

78 3531 119 3623 [1.
137 3535 193 3628 8.]
217 3529 360 3632 {pserffig
377 3543 438 3606 suh.
450 3535 538 3627 idput
550 3543 629 3624 quod
640 3541 778 3626 praecellit.

79 3629 124 3724 [1.
143 3632 230 3726 26.']
251 3631 299 3710 Tol
314 3632 519 3726 dcundum,
539 3639 693 3723 subjeetum
706 3661 910 3726 argumentum.
