2725 4750
97 305 103 324 ³
143 308 363 386 :CONTRA
384 306 630 384 SOPHISTns
654 309 858 390 ORATIO.
921 343 961 413 ις

29 449 30 454 ’
53 449 114 550 qui
127 452 167 527 id
177 464 290 542 eruere
302 483 340 528 ac
351 453 499 556 proferre
515 451 647 555 possunt
658 456 751 555 quod
764 457 800 529 in
813 483 966 556 unaqua-

51 599 122 670 que
140 575 335 651 continetu't.
357 577 429 677 Ego
443 569 523 681 uero
540 574 669 648 tan-tirm
686 575 776 677 posse
792 577 966 650 scientiam

52 702 93 766 &
104 695 246 768 studium
255 697 268 782 ‚'
284 693 447 794 quantlrm
460 687 720 797 isti-praedicant,
736 696 773 771 id
784 695 861 770 sane
871 725 965 798 mag-

52 815 105 888 nis
122 817 241 917 opibus
259 815 485 912 anteferrem-3
508 815 646 890 fortassis
665 818 758 891 enim
773 844 882 916 neque
902 843 965 890 nos

52 939 211 1037 postremi
236 937 397 1024 essem,
421 927 530 1036 neque
553 935 676 1012 studius
703 937 783 1011 inde
803 937 964 1011 minimos

52 1084 265 1158 caperemus:
285 1083 318 1132 at
332 1085 436 1158 quum
448 1058 493 1131 iti
508 1057 541 1130 se
556 1083 605 1130 res
617 1084 687 1129 non
700 1056 840 1144 habeat,
859 1085 964 1159 nuga-

52 1199 140 1248 tores
160 1177 235 1251 istos
250 1177 386 1250 tandem
404 1175 620 1251 conticescere
634 1177 747 1252 velim.
767 1179 849 1251 Non
869 1179 964 1251 enim

51 1293 283 1396 delinquentes
308 1283 438 1370 ra'niltm
458 1296 643 1371 maledictis
667 1298 737 1400 peti
756 1298 883 1384 video,
904 1297 964 1372 sed

51 1419 117 1491 und
131 1447 207 1493 cum
226 1421 291 1494 istis
307 1431 481 1494 &ceteros
500 1418 670 1494 universos
689 1419 748 1519 qui
763 1420 800 1492 in
814 1419 880 1492 hoc
895 1404 965 1494 stu.¹

51 1539 183 1614 diorum
195 1567 315 1642 genere
330 1541 508 1617 versantur.

99 1663 213 1734 Miror
229 1686 340 1747 autem
360 1663 409 1736 eis
426 1661 603 1764 discipulos
625 1661 795 1735 committi
815 1661 961 1762 quinon
1037 1729 1043 1736 .

50 1781 242 1883 intelligunt
270 1783 304 1856 se
327 1791 395 1883 ejus
420 1783 496 1856 artis
522 1781 637 1856 afferre
668 1782 858 1883 exemplum
888 1811 960 1883 quae

48 1902 177 2005 legibus
196 1903 290 1977 certis
309 1903 446 1976 delinita
465 1907 510 1976 est
524 1913 681 2004 &opere
699 1905 853 1978 cernitur.
873 1907 960 1998 Quis

49 2023 162 2108 euim,
178 2023 243 2096 istis
257 2023 416 2123 exceptis,
432 2023 562 2125 ignorat
573 2023 735 2123 nusquam
745 2025 865 2097 mutati
874 2024 963 2099 litte·

48 2170 126 2230 ras,
150 2151 186 2217 δε
210 2143 342 2217 easdem
361 2143 464 2242 usque
487 2147 707 2244 permanere?
729 2144 818 2217 unde
840 2143 961 2218 iisdem

47 2292 112 2364 pro
124 2263 243 2338 iisdem
257 2264 364 2337 verbis
374 2264 503 2364 semper
517 2264 659 2360 utimur3
676 2291 781 2363 quum
794 2264 959 2364 eloquen-
1031 2270 1035 2279 ⁴

48 2386 104 2457 tiae
123 2384 162 2459 srt
172 2386 380 2469 diversissima
392 2385 486 2457 ratio.
500 2385 590 2456 Nam
600 2384 694 2484 quod
702 2384 744 2457 ab
753 2384 820 2458 alio
830 2386 960 2461 dietum

47 2510 114 2591 est,
125 2506 250 2579 dicenti
261 2510 334 2609 post
346 2506 442 2609 illum
452 2532 522 2579 non
534 2506 671 2606 perinde
682 2506 829 2608 expedit:
841 2507 959 2604 ve‘rtlm

46 2629 75 2700 is
91 2627 299 2729 peritiffimus
315 2627 391 2700 attis
407 2624 471 2699 ell‘e
486 2625 627 2698 creditur
647 2627 706 2725 qui
721 2652 783 2727 pro
797 2626 959 2727 dignitate

47 2776 159 2822 rerum
173 2747 312 2832 dixerit,
328 2756 362 2821 δε
376 2773 416 2820 ea
428 2746 594 2821 invenerit
605 2772 676 2844 quae
693 2745 735 2819 ab
749 2747 819 2821 aliis
830 2774 958 2850 reperta

48 2861 576 2943 nonsuerint.Maximumautem
584 2868 680 2967 liujus
688 2856 958 2945 dissimilitudinis

47 2992 130 3073 illud
149 2996 196 3065 est
216 3014 447 3091 argumentum
460 3000 481 3069 ι’·
493 2991 666 3067 orationes·
677 2992 801 3065 scilicet
816 2996 904 3067 recte
922 2992 957 3067 se

46 3353 118 3413 opus
132 3331 250 3413 aliquod
263 3350 388 3392 remanet
399 3329 477 3414 quod
487 3331 575 3393 oculis
589 3328 727 3413 aspicitur.
748 3331 826 3392 Talis
836 3332 874 3391 est
884 3330 955 3392 scri-

46 3429 132 3490 bendi
147 3432 243 3503 asti03
259 3430 307 3489 ubi
320 3429 416 3505 defiit,
431 3432 461 3487 in
471 3428 621 3511 conspestu
632 3448 728 3489 manet
738 3429 767 3489 id
779 3428 856 3509 quod
866 3426 954 3511 scrip-

46 3547 108 3589 turn
119 3530 169 3588 est.
181 3528 234 3587 Sed
245 3527 335 3588 dicere
347 3530 384 3589 est
395 3520 552 3615 atpatslntiv
562 3550 570 3588 τ
582 3526 737 3607 nempefl.
748 3547 777 3610 g.
786 3527 833 3584 ubi
841 3547 957 3606 perora-

47 3628 90 3689 vit
104 3624 310 3699 Demosthenes
321 3634 349 3688 &
362 3628 436 3691 aerio
447 3622 544 3703 desit,
557 3623 747 3709 opusuullum
757 3624 886 3687 centn.
