2725 4750
187 277 664 364 CONTRAJSOPHISTAS
688 285 889 368 ORATIO.
951 321 996 393 19·

79 420 256 520 ptaebere‚
279 425 390 526 utqui
408 425 443 499 id
459 427 669 528 expresserint
685 439 722 504 &
737 430 862 507 imitari
876 431 1016 538 'potue-'³

83 542 179 628 rint,
200 545 309 618 starlm
334 546 480 621 ornatius
502 555 538 624 δε
554 549 736 651 elegantius
752 555 854 654 quim
867 557 925 630 alii
941 553 1014 632 di-‘

83 689 164 736 cere
191 664 376 740 videantur.
413 670 496 761 Quae
522 671 673 745 universa
698 672 721 744 si
744 679 995 766 concurrerint,

83 773 238 855 numeris
255 785 411 860 omnibus
428 781 569 862 absoluti
591 815 688 863 erunt
708 792 903 894 eloquentiae
922 827 999 873 ma·
1083 889 1086 893 ,
1159 877 1165 888 ,

83 899 202 1000 gistri:
222 928 321 1004 prout
336 904 519 1006 quidquam
539 933 578 980 ex
598 909 918 1003 his'desrderabitur,
935 945 998 993 ne·

87 1022 176 1098 cesse
192 1027 255 1099 erit
268 1035 303 1100 &
316 1028 357 1100 ab
371 1026 407 1101 el
418 1053 510 1130 parte
523 1029 700 1134 discipulos
710 1034 774 1109 effe
786 1035 974 1115 deteriores.

114 1267 116 1272 ·
141 1220 304 1295 Ceterum
330 1221 406 1296 istos
431 1187 587 1324 sophistas
617 1226 722 1300 modo
746 1202 930 1318 subortus,
962 1243 1000 1308 &

89 1342 189 1416 istam
202 1346 424 1446 arrogantiam
434 1347 546 1420 vreclus
560 1349 745 1452 amplexor,
757 1351 814 1423 ersr
826 1380 947 1455 magna
954 1358 1001 1430 est

90 1490 211 1564 eorum
225 1465 341 1552 turba,
357 1493 475 1544 omnes
492 1490 603 1542 tamen
615 1469 682 1542 scio
694 1470 813 1546 adhoc
823 1500 1002 1580 argumen-

90 1609 165 1658 tum
182 1587 355 1687 pertinere.

144 1769 204 1840 Ill.
222 1749 396 1843 Restantii
410 1767 488 1867 qui,
504 1767 580 1841 ante
591 1771 738 1844 nostram
753 1794 882 1845 aetatem
894 1771 938 1846 de
946 1770 1017 1860 sos

93 1887 180 1960 rensr
191 1888 328 1960 artificio
340 1887 480 1962 scribere
493 1888 577 1974 aust,
594 1889 742 1964 nonfine
755 1891 1004 1992 reprehensrone

65 2094 68 2102 Ι
94 2011 290 2084 dimittendi
300 2011 384 2094 sunt.
405 2010 447 2084 ld
459 2010 550 2083 enirn
561 1999 626 2113 pru
637 2011 671 2086 se
684 2013 828 2086 tulerunt
839 2012 873 2087 se
886 2014 1005 2088 doetu-

96 2160 152 2205 ros
167 2131 341 2232 quomodo
356 2131 429 2205 lites
449 2130 582 2232 agendae
600 2131 685 2217 sint,
700 2158 742 2204 eo
756 2132 888 2207 delesse
903 2161 1004 2209 voca·

97 2253 178 2327 bulo
205 2253 298 2352 quod
320 2252 556 2342 odiosissimum
581 2251 651 2346 est,
677 2253 836 2352 quodque
857 2255 1006 2354 ipsorum

98 2373 232 2449 invidos
257 2376 394 2475 poritls,
421 2373 522 2474 quim
547 2372 744 2472 eloquentiae
766 2382 1003 2479 preceptores,

99 2495 222 2596 eligere
240 2486 418 2569 decuilset:
443 2493 620 2595 praesertlm
643 2521 748 2592 quum
767 2494 857 2579 haec,
882 2519 1006 2592 quanta
1029 2495 1031 2498 ’

98 2640 207 2718 patet,
222 2616 374 2689 doctrina
386 2640 455 2687 non
468 2614 577 2686 minus
592 2613 633 2688 ad
650 2612 797 2687 forenses
810 2638 1006 2689 controver-

101 2739 159 2813 sras
175 2738 275 2837 quim
292 2736 335 2809 ad
352 2760 458 2809 cetera
473 2736 662 2825 orationum
677 2761 799 2836 genera
814 2734 910 2836 possit
925 2762 1007 2808 con-

100 2860 230 2934 ducere.
257 2860 371 2931 Tanto
397 2881 507 2931 autern
528 2855 603 2930 sunt
626 2864 752 2957 pejores
776 2857 817 2929 iis
841 2856 899 2955 qui
920 2856 1006 2929 circi

101 2982 331 3058 contentiones
347 2980 531 3077 dialecticas
552 2978 742 3064 versantur,
762 2977 854 3077 quod
873 2977 909 3049 hi
929 2976 1007 3074 qui-

102 3082 201 3189 dem,
218 3131 322 3203 quum
338 3128 390 3187 eas
403 3123 591 3201 percurrant
606 3097 870 3203 quaestiunculas‚
888 3095 1007 3203 quibus

103 3226 212 3331 siquis
224 3226 261 3297 in
276 3222 534 3337 rebusgerendis
544 3221 719 3305 insisteret,
735 3219 843 3292 statim
853 3217 1008 3293 evaderet
1038 3231 1041 3235 ‘

103 3384 1002 3420 ...........--——----·---

157 3494 201 3589 [l.
215 3496 291 3591 12.]
305 3508 361 3574 ch
373 3508 481 3593 τίχγας
492 3507 616 3593 intellige
628 3504 738 3589 τέχνας
750 3499 924 3576 hunricus,
936 3475 1007 3562 atres

107 3608 239 3672 forenses.
531 3620 534 3625 '

798 3701 874 3800 Βῆ
