2725 4750
274 426 742 575 rLArrrcus
879 444 957 596 j,

30 705 32 710 .
105 648 152 736 3⁰.
178 619 321 720 Nemo
310 646 411 748 rgitur
431 637 572 726 vestrum
591 635 775 741 formidet,
791 644 881 718 dum
894 647 961 718 uns

59 757 259 864 cumpustrtra
268 768 410 869 pericula
420 768 645 870 subrt,neque
657 767 763 840 foelos
773 765 833 840 fibr
845 765 961 839 defore

27 985 28 990 ἵ
60 884 259 962 arbitretursr
277 889 349 988 quis
365 889 483 986 injuris
497 887 620 962 nffesbis
631 874 786 988 opitulati
798 884 964 979 voluerit,

61 1015 167 1084 &non
180 1010 257 1084 solis
269 1012 455 1110 Thebanis:
466 1011 586 1110 quibus
599 1011 761 1108 contraria
772 1008 796 1082 fi
808 1000 896 1083 nunc
907 1009 965 1082 de·

60 1132 246 1217 creveritis,
269 1131 416 1218 efficietis
440 1156 476 1205 ut
498 1133 678 1206 amicitiam
704 1135 843 1206 vestram
867 1130 965 1204 musti

58 1275 221 1352 exoptent.
234 1255 306 1326 Ubi
317 1255 409 1326 enim
420 1253 625 1326 ostenderitis
638 1280 697 1326 vos
709 1276 837 1354 paratos
849 1249 913 1326 esse
921 1251 965 1323 nd

59 1370 160 1445 belln'
154 1400 289 1472 aeque
234 1375 378 1446 contri
391 1396 507 1448 omnes
520 1401 581 1474 pro
596 1372 787 1446 defenfione
800 1371 966 1445 foederutn

58 1491 281 1594 suscipienda,
300 1495 485 1604 quinam
449 1498 489 1569 eb
505 1497 641 1569 venient
651 1493 821 1579 amentia,
836 1517 872 1565 ut
887 1521 965 1565 cum

58 1615 186 1690 Graciac
196 1614 437 1716 oppressoribus
453 1593 487 1688 se
501 1624 701 1716 conjungere
714 1614 850 1697 malint,
863 1613 965 1726 quarn

58 1736 229 1814 vobiscum
245 1738 402 1822 libertatis
419 1739 567 1839 ipsorum
580 1737 828 1811 defensoribus?
844 1736 892 1810 sm
905 1720 966 1807 ali·
1019 1805 1025 1815 ,

60 1879 105 1928 ter
117 1859 259 1942 animari
272 1861 385 1945 eritis,
401 1859 519 1958 quibus
535 1861 664 1946 verbis,
679 1859 788 1932 bello
780 1859 900 1931 rterirm
910 1858 965 1928 in-
1019 1842 1023 1850 ⁴

53 1975 215 2078 ‘gruente,
231 1959 378 2056 ailicietis
391 1985 551 2071 Graecos,
566 1981 607 2066 fi,
624 1981 811 2054 libertatem
820 2005 965 2114 prate-n-

58 2095 193 2186 dentes,
208 2098 379 2196 Thebanis
395 2095 638 2200 quamcumque
660 2100 827 2174 volent
800 2101 969 2179 crvitatem

57 2221 255 2324 vastandam·
277 2222 488 2329 permiseritis
506 2229 519 2296 ?
548 2249 617 2320 quo
632 2227 730 2321 pasto
746 2221 969 2294 inconstantia

56 2341 186 2415 crimen
200 2341 376 2451 effugietis,
391 2341 413 2417 si
428 2342 608 2415 Thebanos
621 2341 643 2415 Γ
647 2366 730 2415 nens
740 2341 969 2442 ¹Jusjurandun'r

56 2474 90 2541 &
103 2464 235 2541 foedera
247 2466 369 2543 violare
383 2492 442 2567 pto
457 2465 575 2565 quibus
589 2447 772 2537 sanciendis
788 2491 847 2538 vos
863 2466 969 2534 Lace-

55 2586 232 2661 demoniis
262 2587 382 2661 inferre
405 2587 531 2661 bellum
563 2568 694 2687 professi
716 2586 826 2659 eritis·
818 2585 965 2683 ,sique,

55 2736 159 2807 quum
177 2708 238 2811 ipsi
255 2707 370 2787 cedere
381 2709 551 2785 volueritis
572 2710 682 2784 vestris
699 2707 966 2809 possessionibus,

56 2856 92 2903 ut
100 2830 296 2927 societatem
304 2831 482 2937 redderetis
491 2828 790 2929 qusmmaximam,
799 2830 876 2905 istos
887 2831 968 2906 alie·

57 2978 99 3023 na
123 2956 269 3055 tenere,
294 2958 329 3027 bc
355 2980 394 3027 ea
416 2952 521 3045 facere
543 2954 717 3054 patiamini
737 2977 872 3054 propter
895 2953 967 3052 'quae

54 3072 197 3151 universa
212 3082 305 3176 pejus
322 3073 365 3147 de
382 3062 747 3170 vobis-existimabunt?

242 3336 249 3447 J
275 3344 441 3443 Tranfitus
455 3348 503 3431 vad
509 3346 760 3440 perorationem.
841 3339 843 3342 ⁵

99 3587 195 3661 Illud
217 3610 330 3683 autem
353 3587 507 3689 omnium
527 3587 813 3695 absurdissimum,
831 3586 856 3659 sr
874 3586 970 3679 tobis

53 3712 283 3785 deliberatum
305 3710 367 3781 erit
389 3710 454 3782 istis
473 3736 573 3811 opem
592 3710 677 3783 serre
700 3710 759 3808 qui
778 3709 971 3788 continuba
989 3699 1025 3803 st
1107 3711 1109 3715 ⁸

54 3830 326 3908 Lacedaemoniis
339 3832 495 3909 steterunt
505 3882 518 3920 ,
541 3809 705 3931 siquid
677 3855 723 3905 ers
741 3829 985 3930 practersoedus

737 3950 829 4053 Diij
