2725 4750
143 340 850 425 EXCEPT.ADV.CALL1MACHUM.
884 360 951 441 227'

58 513 77 545 r
96 487 338 589 prascriptione
349 511 511 576 uteretur,
524 508 597 564 uter
611 496 696 567 verb·
704 493 914 567 succubuiffet
924 494 965 565 ie·

59 635 76 667 u
96 608 255 682 muldam
276 610 420 684 solveret
431 640 473 683 a:
499 636 536 683 ut
551 612 610 711 qui
626 638 752 688 veteres
765 614 904 688 offensas
917 616 954 687 in

56 731 247 803 memoriam
257 758 411 804 revocare
419 730 589 820 auderent,
598 754 667 806 non
679 734 958 835 perjuriitantiml

56 850 339 936 convincerentur,
351 876 460 950 neque
468 851 620 927 divinam
627 855 786 929 duntaxat·
793 854 958 930 ultionem

56 977 282 1071 erpedment,
303 972 361 1048 sed
383 972 555 1048 confestim
580 974 680 1049 etiam
700 976 815 1065 darent
836 1002 958 1077 poenaa
992 1009 996 1021 ·

57 1077 211 1188 Iniquum
231 1092 330 1191 igitur
346 1091 409 1165 else
430 1092 601 1190 duxi1,s1,
621 1121 725 1191 quum
743 1096 820 1187 haec,
832 1094 957 1197 legibue

56 1213 226 1286 constituta
236 1213 359 1298 ellent,
375 1241 438 1313 ego
450 1214 588 1288 sinerem
600 1216 871 1299 calumniatorem
884 1228 958 1290 cer*

57 1357 120 1407 tare
144 1336 273 1409 tantiam
299 1336 432 1437 triginta
457 1337 687 1429 drachmarum
709 1334 887 1437 periculo,
903 1360 966 1448 me¹

56 1456 131 1526 verb
142 1454 185 1528 de
198 1482 232 1528 re
243 1454 316 1527 mel
332 1455 400 1529 total
410 1454 567 1528 familiari
577 1456 788 1531 contendere.

245 1626 818 1698 Conatnmarrcn‘

99 1792 124 1864 l.
147 1791 331 1865 Ostendam
342 1817 452 1865 autern
465 1789 735 1875 Callimachum,
751 1818 820 1863 non
832 1788 961 1865 tannim

57 1912 169 1983 contri
189 1900 314 1985 foedera
338 1901 431 1986 litem
453 1893 650 1993 intendere,
674 1910 733 1982 sed
758 1910 837 1983 falsa
860 1914 960 1986 etiarn
1048 1912 1051 1920 ¹

55 2035 192 2106 crimina
200 2035 424 2119 comminisci,
437 2036 518 2133 quin
532 2042 566 2105 &
580 2030 692 2104 arbitri
705 2032 901 2106 sententiam
917 2034 960 2107 de

55 2156 103 2227 his
117 2140 332 2231 intercelliffe.
346 2157 396 2230 Ac
406 2184 477 2230 rem
486 2156 580 2228 vobis
593 2182 750 2241 omnem,
761 2180 797 2229 ut
809 2155 958 2257 abinit'io

56 2280 142 2377 gesta
160 2279 227 2363 est,
244 2304 430 2379 exponam:
449 2277 514 2349 hoc
534 2278 626 2348 enim
642 2277 699 2349 ubi
719 2269 959 2378 cognoveritis,
1020 2285 1027 2305 ⁴
1061 2359 1063 2367 s

54 2399 180 2470 nullam
194 2400 225 2493 ei
239 2401 258 2472 ὲ
273 2410 329 2472 me
347 2424 454 2472 ortam
470 2397 534 2470 effe
549 2383 724 2496 injuriam,
748 2426 806 2474 vos
820 2401 960 2493 arbitror

55 2531 90 2594 &
111 2520 238 2594 foedera
261 2521 416 2594 libentiiu
440 2518 654 2606 defensuros,
676 2521 779 2596 &isti
801 2513 959 2594 fore-irass
1002 2511 1003 2516 ἵ

56 2642 165 2714 riores.
707 2649 709 2654 ’
866 2673 869 2681 ·

102 2760 335 2845 Decemvirit,
351 2757 410 2858 qui
426 2762 498 2860 post
515 2756 648 2860 triginta
668 2777 822 2855 tyrannos
839 2747 960 2832 constia
983 2821 984 2825 ,

42 2883 118 2984 'tuti
140 2880 295 2979 fuerant,
318 2880 578 2982 imperantibus,
599 2879 774 2954 acciditur
797 2908 861 2982 ego
882 2909 960 2954 cum
1014 2925 1028 2936 -ψ

56 3001 229 3085 Patrocle,
247 3001 304 3098 qui
320 3025 397 3088 tunc
411 3026 523 3103 regem
539 2999 678 3099 agebat,
692 2993 845 3089 familiari
860 3026 959 3088 meo,

55 3120 273 3192 ambularem.
296 3123 326 3193 ls
341 3121 492 3193 inimicus
501 3119 730 3203 Callimacho,
745 3122 803 3220 qui
810 3148 864 3194 me
875 3149 962 3195 nunc

56 3241 207 3321 accusat,
230 3241 288 3342 ipsr
304 3243 439 3315 obviam
459 3241 562 3314 ladius
578 3243 623 3312 est
640 3242 812 3344 pecuniam
832 3240 961 3317 ferenti.

57 3462 141 3522 barur
157 3450 297 3535 βασιλέυς
310 3484 381 3523 unus
394 3486 428 3523 ex
440 3485 543 3524 novem
559 3463 755 3538 archontibuS,
774 3467 821 3546 qui
837 3487 870 3526 ea
883 3465 959 3531 sacra

58 3559 181 3621 faciebat
193 3581 253 3640 quae
270 3547 408 3642 faciebant
421 3560 491 3622 olim
508 3576 585 3646 reges
599 3583 720 3645 quorum
737 3567 871 3625 autoritas
890 3567 960 3626 abo-2

58 3658 109 3719 lita
121 3677 193 3719 erat.

653 3709 824 3860 ,η
