<?xml version="1.0" encoding="UTF-8"?>
<!DOCTYPE html PUBLIC "-//W3C//DTD XHTML 1.0 Transitional//EN"
    "http://www.w3.org/TR/xhtml1/DTD/xhtml1-transitional.dtd">
<html xmlns="http://www.w3.org/1999/xhtml" xml:lang="en" lang="en">
 <head>
  <title>
</title>
<meta http-equiv="Content-Type" content="text/html;charset=utf-8" />
  <meta name='ocr-system' content='tesseract 3.04.00' />
  <meta name='ocr-capabilities' content='ocr_page ocr_carea ocr_par ocr_line ocrx_word'/>
</head>
<body>
  <div class='ocr_page' id='page_1' title='image "./isocratisoperao00augegoog_0047.png"; bbox 0 0 2725 4750; ppageno 0'>
   <div class='ocr_carea' id='block_1_1' title="bbox 84 388 1065 682">
    <p class='ocr_par' dir='ltr' id='par_1_1' title="bbox 84 388 1065 682">
     <span class='ocr_line' id='line_1_1' title="bbox 257 388 1065 526; baseline 0.004 -21"><span class='ocrx_word' id='word_1_1' title='bbox 257 431 770 507; x_wconf 73' lang='lat' dir='ltr'>¹rrA-rrrctts.</span> <span class='ocrx_word' id='word_1_2' title='bbox 933 388 1065 526; x_wconf 40' lang='lat'>27&#39;</span> 
     </span>
     <span class='ocr_line' id='line_1_2' title="bbox 84 573 962 682; baseline 0.011 -38"><span class='ocrx_word' id='word_1_3' title='bbox 84 573 226 650; x_wconf 81' lang='lat' dir='ltr'>salutent</span> <span class='ocrx_word' id='word_1_4' title='bbox 240 605 277 650; x_wconf 85' lang='lat' dir='ltr'>ur</span> <span class='ocrx_word' id='word_1_5' title='bbox 289 578 426 664; x_wconf 83' lang='lat' dir='ltr'>illorum</span> <span class='ocrx_word' id='word_1_6' title='bbox 436 579 590 654; x_wconf 88' lang='lat' dir='ltr'>societate</span> <span class='ocrx_word' id='word_1_7' title='bbox 602 581 741 682; x_wconf 85' lang='lat' dir='ltr'>posttarn</span> <span class='ocrx_word' id='word_1_8' title='bbox 754 578 962 654; x_wconf 82' lang='lat' dir='ltr'>arbitrentur.</span> 
     </span>
    </p>
   </div>
   <div class='ocr_carea' id='block_1_2' title="bbox 85 747 1001 970">
    <p class='ocr_par' dir='ltr' id='par_1_2' title="bbox 85 747 1001 970">
     <span class='ocr_line' id='line_1_3' title="bbox 85 747 1001 848; baseline 0.007 -31"><span class='ocrx_word' id='word_1_9' title='bbox 85 747 246 846; x_wconf 80' lang='lat' dir='ltr'><em>Digteffio</em></span> <span class='ocrx_word' id='word_1_10' title='bbox 261 753 297 822; x_wconf 85' lang='lat' dir='ltr'>in</span> <span class='ocrx_word' id='word_1_11' title='bbox 311 753 534 847; x_wconf 78' lang='lat' dir='ltr'><em>Athenienses,</em></span> <span class='ocrx_word' id='word_1_12' title='bbox 547 778 679 848; x_wconf 84' lang='lat' dir='ltr'><em>quotum</em></span> <span class='ocrx_word' id='word_1_13' title='bbox 692 754 879 826; x_wconf 81' lang='lat' dir='ltr'><em>humanitas</em></span> <span class='ocrx_word' id='word_1_14' title='bbox 890 756 1001 824; x_wconf 82' lang='lat' dir='ltr'><em>crude-</em></span> 
     </span>
     <span class='ocr_line' id='line_1_4' title="bbox 276 875 807 970; baseline 0.004 -28"><span class='ocrx_word' id='word_1_15' title='bbox 276 875 364 944; x_wconf 80' lang='lat' dir='ltr'><em>litati</em></span> <span class='ocrx_word' id='word_1_16' title='bbox 386 877 608 947; x_wconf 81' lang='lat' dir='ltr'><em>Thebanorum</em></span> <span class='ocrx_word' id='word_1_17' title='bbox 625 879 807 970; x_wconf 82' lang='lat' dir='ltr'><em>opponitur.</em></span> 
     </span>
    </p>
   </div>
   <div class='ocr_carea' id='block_1_3' title="bbox 75 1022 1094 3555">
    <p class='ocr_par' dir='ltr' id='par_1_3' title="bbox 75 1022 1094 3555">
     <span class='ocr_line' id='line_1_5' title="bbox 134 1022 998 1126; baseline 0.007 -32"><span class='ocrx_word' id='word_1_18' title='bbox 134 1022 293 1126; x_wconf 84' lang='lat' dir='ltr'>Cogitate</span> <span class='ocrx_word' id='word_1_19' title='bbox 302 1028 401 1126; x_wconf 75' lang='lat' dir='ltr'>porrb</span> <span class='ocrx_word' id='word_1_20' title='bbox 411 1053 470 1100; x_wconf 92' lang='lat' dir='ltr'>vos</span> <span class='ocrx_word' id='word_1_21' title='bbox 478 1023 844 1126; x_wconf 79' lang='lat' dir='ltr'>proximumsuscepiffe</span> <span class='ocrx_word' id='word_1_22' title='bbox 854 1025 998 1114; x_wconf 84' lang='lat' dir='ltr'>bellum,</span> 
     </span>
     <span class='ocr_line' id='line_1_6' title="bbox 84 1147 999 1246; baseline 0.008 -33"><span class='ocrx_word' id='word_1_23' title='bbox 84 1169 157 1215; x_wconf 87' lang='lat' dir='ltr'>non</span> <span class='ocrx_word' id='word_1_24' title='bbox 166 1171 301 1246; x_wconf 87' lang='lat' dir='ltr'>propter</span> <span class='ocrx_word' id='word_1_25' title='bbox 310 1151 450 1223; x_wconf 86' lang='lat' dir='ltr'>vestram</span> <span class='ocrx_word' id='word_1_26' title='bbox 460 1172 516 1222; x_wconf 84' lang='lat' dir='ltr'>aut</span> <span class='ocrx_word' id='word_1_27' title='bbox 525 1147 691 1221; x_wconf 86' lang='lat' dir='ltr'>sociorum</span> <span class='ocrx_word' id='word_1_28' title='bbox 701 1147 999 1242; x_wconf 82' lang='lat' dir='ltr'>libertatem(hanc</span> 
     </span>
     <span class='ocr_line' id='line_1_7' title="bbox 84 1264 1001 1367; baseline 0.007 -33"><span class='ocrx_word' id='word_1_29' title='bbox 84 1264 178 1338; x_wconf 88' lang='lat' dir='ltr'>enirn</span> <span class='ocrx_word' id='word_1_30' title='bbox 198 1295 316 1342; x_wconf 87' lang='lat' dir='ltr'><strong>omnes</strong></span> <span class='ocrx_word' id='word_1_31' title='bbox 337 1268 549 1363; x_wconf 84' lang='lat' dir='ltr'>habebatis),</span> <span class='ocrx_word' id='word_1_32' title='bbox 570 1268 628 1342; x_wconf 83' lang='lat' dir='ltr'>sed</span> <span class='ocrx_word' id='word_1_33' title='bbox 643 1295 760 1341; x_wconf 90' lang='lat' dir='ltr'>eorum</span> <span class='ocrx_word' id='word_1_34' title='bbox 776 1268 868 1341; x_wconf 57' lang='lat' dir='ltr'>causa</span> <span class='ocrx_word' id='word_1_35' title='bbox 882 1269 1001 1367; x_wconf 85' lang='lat' dir='ltr'>quibus</span> 
     </span>
     <span class='ocr_line' id='line_1_8' title="bbox 85 1385 1001 1495; baseline 0.005 -39"><span class='ocrx_word' id='word_1_36' title='bbox 85 1385 202 1460; x_wconf 57' lang='lat' dir='ltr'>contr&amp;</span> <span class='ocrx_word' id='word_1_37' title='bbox 217 1387 445 1495; x_wconf 68' lang='lat' dir='ltr'>jusjurandum</span> <span class='ocrx_word' id='word_1_38' title='bbox 464 1399 500 1462; x_wconf 90' lang='lat'>&amp;</span> <span class='ocrx_word' id='word_1_39' title='bbox 519 1388 627 1463; x_wconf 85' lang='lat' dir='ltr'><strong>foedus</strong></span> <span class='ocrx_word' id='word_1_40' title='bbox 644 1387 777 1462; x_wconf 86' lang='lat' dir='ltr'>libertas</span> <span class='ocrx_word' id='word_1_41' title='bbox 794 1413 906 1488; x_wconf 88' lang='lat' dir='ltr'>erepta</span> <span class='ocrx_word' id='word_1_42' title='bbox 923 1413 1001 1461; x_wconf 86' lang='lat' dir='ltr'><em>etat.</em></span> 
     </span>
     <span class='ocr_line' id='line_1_9' title="bbox 84 1498 1002 1613; baseline 0.004 -35"><span class='ocrx_word' id='word_1_43' title='bbox 84 1505 341 1602; x_wconf 66' lang='lat' dir='ltr'>Acerbiffirnum</span> <span class='ocrx_word' id='word_1_44' title='bbox 349 1511 448 1613; x_wconf 85' lang='lat' dir='ltr'>igitur</span> <span class='ocrx_word' id='word_1_45' title='bbox 457 1509 586 1584; x_wconf 87' lang='lat' dir='ltr'>fueritsr</span> <span class='ocrx_word' id='word_1_46' title='bbox 596 1537 675 1609; x_wconf 85' lang='lat' dir='ltr'>quas</span> <span class='ocrx_word' id='word_1_47' title='bbox 685 1498 832 1583; x_wconf 83' lang='lat' dir='ltr'>civita&#39;tes</span> <span class='ocrx_word' id='word_1_48' title='bbox 848 1507 1002 1582; x_wconf 84' lang='lat' dir='ltr'>Lacedae·</span> 
     </span>
     <span class='ocr_line' id='line_1_10' title="bbox 86 1629 1003 1733; baseline 0.004 -33"><span class='ocrx_word' id='word_1_49' title='bbox 86 1629 209 1702; x_wconf 90' lang='lat' dir='ltr'>moniis</span> <span class='ocrx_word' id='word_1_50' title='bbox 219 1629 339 1705; x_wconf 89' lang='lat' dir='ltr'>servire</span> <span class='ocrx_word' id='word_1_51' title='bbox 350 1632 503 1732; x_wconf 87' lang='lat' dir='ltr'>iniquum</span> <span class='ocrx_word' id='word_1_52' title='bbox 513 1631 699 1733; x_wconf 84' lang='lat' dir='ltr'>putabatis,</span> <span class='ocrx_word' id='word_1_53' title='bbox 717 1658 769 1705; x_wconf 85' lang='lat' dir='ltr'>eas</span> <span class='ocrx_word' id='word_1_54' title='bbox 780 1658 868 1704; x_wconf 84' lang='lat' dir='ltr'>nnnc</span> <span class='ocrx_word' id='word_1_55' title='bbox 880 1630 898 1702; x_wconf 74' lang='grc' dir='ltr'>ὲ</span> <span class='ocrx_word' id='word_1_56' title='bbox 910 1630 1003 1704; x_wconf 84' lang='lat' dir='ltr'>The-</span> 
     </span>
     <span class='ocr_line' id='line_1_11' title="bbox 85 1747 1000 1852; baseline 0.005 -33"><span class='ocrx_word' id='word_1_57' title='bbox 85 1747 181 1822; x_wconf 80' lang='lat' dir='ltr'>banis</span> <span class='ocrx_word' id='word_1_58' title='bbox 199 1752 303 1825; x_wconf 88' lang='lat' dir='ltr'><em>evetti</em></span> <span class='ocrx_word' id='word_1_59' title='bbox 325 1752 507 1852; x_wconf 83' lang='lat' dir='ltr'>patiamini.</span> <span class='ocrx_word' id='word_1_60' title='bbox 538 1754 610 1846; x_wconf 87' lang='lat' dir='ltr'>Qui</span> <span class='ocrx_word' id='word_1_61' title='bbox 627 1755 768 1826; x_wconf 83' lang='lat' dir='ltr'>vestram</span> <span class='ocrx_word' id='word_1_62' title='bbox 787 1751 1000 1825; x_wconf 84' lang='lat' dir='ltr'>clementiam</span> 
     </span>
     <span class='ocr_line' id='line_1_12' title="bbox 86 1869 998 1972; baseline 0.002 -30"><span class='ocrx_word' id='word_1_63' title='bbox 86 1869 171 1944; x_wconf 63' lang='lat' dir='ltr'>adet</span> <span class='ocrx_word' id='word_1_64' title='bbox 198 1898 269 1943; x_wconf 91' lang='lat' dir='ltr'>non</span> <span class='ocrx_word' id='word_1_65' title='bbox 291 1871 485 1960; x_wconf 80' lang='lat' dir='ltr'>imitantur,</span> <span class='ocrx_word' id='word_1_66' title='bbox 511 1898 549 1947; x_wconf 93' lang='lat' dir='ltr'>ut</span> <span class='ocrx_word' id='word_1_67' title='bbox 571 1873 664 1972; x_wconf 92' lang='lat' dir='ltr'><strong>quod</strong></span> <span class='ocrx_word' id='word_1_68' title='bbox 684 1873 839 1949; x_wconf 87' lang='lat' dir='ltr'><strong>omnium</strong></span> <span class='ocrx_word' id='word_1_69' title='bbox 861 1871 998 1945; x_wconf 87' lang='lat' dir='ltr'>habetur</span> 
     </span>
     <span class='ocr_line' id='line_1_13' title="bbox 84 1991 1094 2096; baseline 0 -32"><span class='ocrx_word' id='word_1_70' title='bbox 84 1991 329 2079; x_wconf 87' lang='lat' dir='ltr'>miserrimum,</span> <span class='ocrx_word' id='word_1_71' title='bbox 352 1995 424 2096; x_wconf 88' lang='lat' dir='ltr'>capi</span> <span class='ocrx_word' id='word_1_72' title='bbox 437 1995 548 2079; x_wconf 88' lang='lat' dir='ltr'>bello,</span> <span class='ocrx_word' id='word_1_73' title='bbox 565 1994 647 2067; x_wconf 89' lang='lat' dir='ltr'><strong>illud</strong></span> <span class='ocrx_word' id='word_1_74' title='bbox 661 1993 769 2094; x_wconf 85' lang='lat' dir='ltr'>ipsum</span> <span class='ocrx_word' id='word_1_75' title='bbox 785 1991 826 2066; x_wconf 84' lang='lat' dir='ltr'>ab</span> <span class='ocrx_word' id='word_1_76' title='bbox 841 1992 900 2064; x_wconf 55' lang='lat' dir='ltr'>herc</span> <span class='ocrx_word' id='word_1_77' title='bbox 916 1994 999 2065; x_wconf 74' lang='lat' dir='ltr'><strong>civi·</strong></span> <span class='ocrx_word' id='word_1_78' title='bbox 1090 2019 1094 2031; x_wconf 59' lang='lat'>¹</span> 
     </span>
     <span class='ocr_line' id='line_1_14' title="bbox 86 2097 1003 2217; baseline 0.001 -31"><span class='ocrx_word' id='word_1_79' title='bbox 86 2139 152 2188; x_wconf 89' lang='lat' dir='ltr'><em>tate</em></span> <span class='ocrx_word' id='word_1_80' title='bbox 167 2143 227 2190; x_wconf 86' lang='lat' dir='ltr'>nos</span> <span class='ocrx_word' id='word_1_81' title='bbox 240 2117 402 2217; x_wconf 80' lang='lat' dir='ltr'>perpessos</span> <span class='ocrx_word' id='word_1_82' title='bbox 414 2115 696 2217; x_wconf 75' lang='lat' dir='ltr'>effeptaestitiffet,</span> <span class='ocrx_word' id='word_1_83' title='bbox 714 2116 814 2214; x_wconf 60' lang='lat' dir='ltr'>quim</span> <span class='ocrx_word' id='word_1_84' title='bbox 825 2115 902 2187; x_wconf 82' lang='lat' dir='ltr'><strong>istos</strong></span> <span class='ocrx_word' id='word_1_85' title='bbox 916 2097 1003 2187; x_wconf 80' lang='lat' dir='ltr'>vi&#39;ci-</span> 
     </span>
     <span class='ocr_line' id='line_1_15' title="bbox 85 2235 998 2337; baseline 0 -29"><span class='ocrx_word' id='word_1_86' title='bbox 85 2263 148 2309; x_wconf 88' lang='lat' dir='ltr'>nos</span> <span class='ocrx_word' id='word_1_87' title='bbox 170 2237 324 2312; x_wconf 81' lang='lat' dir='ltr'>habuiffe.</span> <span class='ocrx_word' id='word_1_88' title='bbox 350 2239 440 2311; x_wconf 83' lang='lat' dir='ltr'>Nam</span> <span class='ocrx_word' id='word_1_89' title='bbox 461 2264 678 2337; x_wconf 19' lang='lat' dir='ltr'>quorumtvos</span> <span class='ocrx_word' id='word_1_90' title='bbox 701 2235 797 2309; x_wconf 85' lang='lat' dir='ltr'>urbes</span> <span class='ocrx_word' id='word_1_91' title='bbox 818 2236 854 2309; x_wconf 92' lang='lat' dir='ltr'>vi</span> <span class='ocrx_word' id='word_1_92' title='bbox 872 2262 998 2336; x_wconf 82' lang='lat' dir='ltr'>expug-</span> 
     </span>
     <span class='ocr_line' id='line_1_16' title="bbox 86 2355 996 2459; baseline 0.001 -29"><span class='ocrx_word' id='word_1_93' title='bbox 86 2359 208 2443; x_wconf 79' lang='lat' dir='ltr'>nastis,</span> <span class='ocrx_word' id='word_1_94' title='bbox 226 2360 261 2432; x_wconf 93' lang='lat' dir='ltr'>hi</span> <span class='ocrx_word' id='word_1_95' title='bbox 284 2360 391 2433; x_wconf 76' lang='lat' dir='ltr'>statim</span> <span class='ocrx_word' id='word_1_96' title='bbox 412 2359 568 2434; x_wconf 85' lang='lat' dir='ltr'>servitute</span> <span class='ocrx_word' id='word_1_97' title='bbox 592 2367 627 2432; x_wconf 90' lang='lat'>&amp;</span> <span class='ocrx_word' id='word_1_98' title='bbox 651 2355 805 2459; x_wconf 57' lang='lat' dir='ltr'>praefecto</span> <span class='ocrx_word' id='word_1_99' title='bbox 828 2358 996 2431; x_wconf 77' lang='lat' dir='ltr'>Laconico</span> 
     </span>
     <span class='ocr_line' id='line_1_17' title="bbox 83 2477 997 2579; baseline -0.001 -27"><span class='ocrx_word' id='word_1_100' title='bbox 83 2478 239 2565; x_wconf 86' lang='lat' dir='ltr'>liberati,</span> <span class='ocrx_word' id='word_1_101' title='bbox 259 2507 347 2555; x_wconf 89' lang='lat' dir='ltr'>nunc</span> <span class='ocrx_word' id='word_1_102' title='bbox 360 2480 493 2553; x_wconf 88' lang='lat' dir='ltr'>concilii</span> <span class='ocrx_word' id='word_1_103' title='bbox 510 2505 568 2579; x_wconf 85' lang='lat' dir='ltr'>pat</span> <span class='ocrx_word' id='word_1_104' title='bbox 586 2487 637 2577; x_wconf 88' lang='lat' dir='ltr'>jus</span> <span class='ocrx_word' id='word_1_105' title='bbox 651 2477 887 2551; x_wconf 89' lang='lat' dir='ltr'>&amp;libertatem</span> <span class='ocrx_word' id='word_1_106' title='bbox 903 2504 997 2551; x_wconf 86' lang='lat' dir='ltr'>rece-</span> 
     </span>
     <span class='ocr_line' id='line_1_18' title="bbox 75 2596 997 2699; baseline -0.002 -26"><span class='ocrx_word' id='word_1_107' title='bbox 75 2624 230 2699; x_wconf 63' lang='lat' dir='ltr'>¹petunt:</span> <span class='ocrx_word' id='word_1_108' title='bbox 249 2601 307 2699; x_wconf 83' lang='lat' dir='ltr'>qui</span> <span class='ocrx_word' id='word_1_109' title='bbox 321 2624 431 2674; x_wconf 81' lang='lat' dir='ltr'>autem</span> <span class='ocrx_word' id='word_1_110' title='bbox 441 2599 544 2699; x_wconf 68' lang='lat' dir='ltr'>propt}</span> <span class='ocrx_word' id='word_1_111' title='bbox 557 2600 631 2670; x_wconf 88' lang='lat' dir='ltr'>istos</span> <span class='ocrx_word' id='word_1_112' title='bbox 643 2596 812 2681; x_wconf 87' lang='lat' dir='ltr'>habitant,</span> <span class='ocrx_word' id='word_1_113' title='bbox 828 2597 865 2669; x_wconf 87' lang='lat' dir='ltr'>hi</span> <span class='ocrx_word' id='word_1_114' title='bbox 877 2598 997 2697; x_wconf 77' lang='lat' dir='ltr'>partim</span> 
     </span>
     <span class='ocr_line' id='line_1_19' title="bbox 84 2718 996 2821; baseline 0.001 -29"><span class='ocrx_word' id='word_1_115' title='bbox 84 2720 304 2793; x_wconf 65' lang='lat' dir='ltr'>nihilominsrs</span> <span class='ocrx_word' id='word_1_116' title='bbox 325 2722 426 2821; x_wconf 62' lang='lat' dir='ltr'>quim</span> <span class='ocrx_word' id='word_1_117' title='bbox 446 2746 506 2793; x_wconf 85' lang='lat' dir='ltr'>aere</span> <span class='ocrx_word' id='word_1_118' title='bbox 521 2740 633 2819; x_wconf 85' lang='lat' dir='ltr'>empta</span> <span class='ocrx_word' id='word_1_119' title='bbox 649 2718 815 2818; x_wconf 82' lang='lat' dir='ltr'>mancipia</span> <span class='ocrx_word' id='word_1_120' title='bbox 827 2718 996 2807; x_wconf 84' lang='lat' dir='ltr'>serviunt,</span> 
     </span>
     <span class='ocr_line' id='line_1_20' title="bbox 83 2837 997 2941; baseline 0.001 -28"><span class='ocrx_word' id='word_1_121' title='bbox 83 2841 204 2941; x_wconf 77' lang='lat' dir='ltr'>partim</span> <span class='ocrx_word' id='word_1_122' title='bbox 220 2841 272 2916; x_wconf 88' lang='lat' dir='ltr'>isti</span> <span class='ocrx_word' id='word_1_123' title='bbox 283 2840 371 2941; x_wconf 61' lang='lat' dir='ltr'>prit‘ts</span> <span class='ocrx_word' id='word_1_124' title='bbox 388 2866 444 2939; x_wconf 74' lang='lat' dir='ltr'>eor</span> <span class='ocrx_word' id='word_1_125' title='bbox 457 2866 528 2911; x_wconf 89' lang='lat' dir='ltr'>non</span> <span class='ocrx_word' id='word_1_126' title='bbox 540 2837 690 2912; x_wconf 87' lang='lat' dir='ltr'>definent</span> <span class='ocrx_word' id='word_1_127' title='bbox 700 2838 880 2939; x_wconf 83' lang='lat' dir='ltr'>exagitare,</span> <span class='ocrx_word' id='word_1_128' title='bbox 895 2840 997 2939; x_wconf 49' lang='lat' dir='ltr'>quam</span> 
     </span>
     <span class='ocr_line' id='line_1_21' title="bbox 84 2959 996 3063; baseline -0.002 -28"><span class='ocrx_word' id='word_1_129' title='bbox 84 2960 331 3063; x_wconf 67' lang='lat' dir='ltr'>eodemrnodo</span> <span class='ocrx_word' id='word_1_130' title='bbox 349 2988 417 3061; x_wconf 90' lang='lat' dir='ltr'>quo</span> <span class='ocrx_word' id='word_1_131' title='bbox 435 2988 502 3042; x_wconf 75' lang='lat' dir='ltr'>nos</span> <span class='ocrx_word' id='word_1_132' title='bbox 513 2959 690 3038; x_wconf 54' lang='lat' dir='ltr'>trattatint.</span> <span class='ocrx_word' id='word_1_133' title='bbox 717 2960 768 3032; x_wconf 84' lang='lat' dir='ltr'>Ac</span> <span class='ocrx_word' id='word_1_134' title='bbox 780 2960 996 3033; x_wconf 88' lang='lat' dir='ltr'><strong>Lacedaemo·</strong></span> 
     </span>
     <span class='ocr_line' id='line_1_22' title="bbox 84 3081 996 3182; baseline -0.003 -27"><span class='ocrx_word' id='word_1_135' title='bbox 84 3084 158 3155; x_wconf 90' lang='lat' dir='ltr'><strong>nios</strong></span> <span class='ocrx_word' id='word_1_136' title='bbox 169 3082 307 3182; x_wconf 88' lang='lat' dir='ltr'>quidem</span> <span class='ocrx_word' id='word_1_137' title='bbox 317 3082 467 3164; x_wconf 82' lang='lat' dir='ltr'>accusant</span> <span class='ocrx_word' id='word_1_138' title='bbox 477 3081 522 3155; x_wconf 92' lang='lat' dir='ltr'>ob</span> <span class='ocrx_word' id='word_1_139' title='bbox 533 3081 722 3157; x_wconf 83' lang='lat' dir='ltr'><strong>Cadmeam</strong></span> <span class='ocrx_word' id='word_1_140' title='bbox 733 3104 947 3181; x_wconf 82' lang='lat' dir='ltr'>occupatam,</span> <span class='ocrx_word' id='word_1_141' title='bbox 960 3091 996 3159; x_wconf 86' lang='lat'>&amp;</span> 
     </span>
     <span class='ocr_line' id='line_1_23' title="bbox 82 3203 996 3315; baseline -0.002 -38"><span class='ocrx_word' id='word_1_142' title='bbox 82 3204 229 3315; x_wconf 76' lang='lat' dir='ltr'>praefidia</span> <span class='ocrx_word' id='word_1_143' title='bbox 237 3204 369 3303; x_wconf 83' lang='lat' dir='ltr'>urbibus</span> <span class='ocrx_word' id='word_1_144' title='bbox 379 3204 546 3305; x_wconf 80' lang='lat' dir='ltr'>imposrta:</span> <span class='ocrx_word' id='word_1_145' title='bbox 561 3203 620 3305; x_wconf 86' lang='lat' dir='ltr'>ipsr</span> <span class='ocrx_word' id='word_1_146' title='bbox 631 3206 729 3293; x_wconf 75' lang='lat' dir='ltr'>verb,</span> <span class='ocrx_word' id='word_1_147' title='bbox 741 3231 845 3303; x_wconf 86' lang='lat' dir='ltr'>quum</span> <span class='ocrx_word' id='word_1_148' title='bbox 856 3204 996 3283; x_wconf 61' lang='lat' dir='ltr'>nonimss</span> 
     </span>
     <span class='ocr_line' id='line_1_24' title="bbox 81 3325 996 3435; baseline 0 -37"><span class='ocrx_word' id='word_1_149' title='bbox 81 3326 377 3435; x_wconf 80' lang='lat' dir='ltr'>ponuntpraefidia,</span> <span class='ocrx_word' id='word_1_150' title='bbox 386 3326 443 3401; x_wconf 83' lang='lat' dir='ltr'>sed</span> <span class='ocrx_word' id='word_1_151' title='bbox 452 3327 594 3400; x_wconf 83' lang='lat' dir='ltr'>aliorum</span> <span class='ocrx_word' id='word_1_152' title='bbox 602 3325 904 3411; x_wconf 79' lang='lat' dir='ltr'>moeniasubtuunt,</span> <span class='ocrx_word' id='word_1_153' title='bbox 913 3326 996 3398; x_wconf 83' lang='lat' dir='ltr'><strong>alios</strong></span> 
     </span>
     <span class='ocr_line' id='line_1_25' title="bbox 81 3443 998 3555; baseline -0.001 -36"><span class='ocrx_word' id='word_1_154' title='bbox 81 3446 228 3555; x_wconf 81' lang='lat' dir='ltr'>perdunt</span> <span class='ocrx_word' id='word_1_155' title='bbox 241 3444 409 3532; x_wconf 64' lang='lat' dir='ltr'>funditirs,</span> <span class='ocrx_word' id='word_1_156' title='bbox 426 3445 460 3521; x_wconf 88' lang='lat' dir='ltr'>se</span> <span class='ocrx_word' id='word_1_157' title='bbox 474 3446 558 3519; x_wconf 77' lang='lat' dir='ltr'><strong>nihil</strong></span> <span class='ocrx_word' id='word_1_158' title='bbox 575 3472 674 3547; x_wconf 83' lang='lat' dir='ltr'>grave</span> <span class='ocrx_word' id='word_1_159' title='bbox 689 3446 898 3518; x_wconf 86' lang='lat' dir='ltr'>committere</span> <span class='ocrx_word' id='word_1_160' title='bbox 915 3443 998 3518; x_wconf 82' lang='lat' dir='ltr'>exis-</span> 
     </span>
    </p>
   </div>
   <div class='ocr_carea' id='block_1_4' title="bbox 105 3736 857 3960">
    <p class='ocr_par' dir='ltr' id='par_1_4' title="bbox 105 3736 857 3960">
     <span class='ocr_line' id='line_1_26' title="bbox 105 3736 836 3848; baseline -0.022 -11"><span class='ocrx_word' id='word_1_161' title='bbox 105 3736 179 3837; x_wconf 72' lang='lat'>[¹0</span> <span class='ocrx_word' id='word_1_162' title='bbox 199 3739 277 3837; x_wconf 81' lang='lat'>¹5·]</span> <span class='ocrx_word' id='word_1_163' title='bbox 299 3737 487 3846; x_wconf 59' lang='lat' dir='ltr'>51⁴⁰?8&#39;t&#39;702v2</span> <span class='ocrx_word' id='word_1_164' title='bbox 499 3756 579 3843; x_wconf 64' lang='lat' dir='ltr'>tulg.</span> <span class='ocrx_word' id='word_1_165' title='bbox 591 3746 798 3848; x_wconf 67' lang='grc' dir='ltr'>ὂμᾶρυςὸίῖας·</span> <span class='ocrx_word' id='word_1_166' title='bbox 833 3804 836 3811; x_wconf 93' lang='lat'><em>.</em></span> 
     </span>
     <span class='ocr_line' id='line_1_27' title="bbox 180 3854 857 3960; baseline -0.035 -5"><span class='ocrx_word' id='word_1_167' title='bbox 180 3854 208 3863; x_wconf 71' lang='grc'><em>“</em></span> <span class='ocrx_word' id='word_1_168' title='bbox 766 3856 857 3960; x_wconf 55' lang='lat' dir='ltr'>ct</span> 
     </span>
    </p>
   </div>
   <div class='ocr_carea' id='block_1_5' title="bbox 0 0 1368 4750">
    <p class='ocr_par' dir='ltr' id='par_1_5' title="bbox 0 0 1368 4750">
     <span class='ocr_line' id='line_1_28' title="bbox 0 0 1368 4750; baseline 0 0"><span class='ocrx_word' id='word_1_169' title='bbox 0 0 1368 4750; x_wconf 95' lang='lat' dir='ltr'> </span> 
     </span>
    </p>
   </div>
  </div>
 </body>
</html>
