2725 4750
235 476 546 551 AEGINETICA
572 432 798 551 oemio,¹
818 429 822 434 ’
909 460 974 571 339

70 621 242 720 cogitantes
259 621 348 694 orbis
362 621 554 694 hominibus
577 623 664 695 hanc
678 623 788 724 legem
802 623 878 696 loco
889 625 975 697 libe·
1021 688 1024 691 .

69 767 171 812 rorum
190 739 266 813 effe.
290 745 351 815 Pet
374 743 459 814 hanc
483 743 574 814 enim
596 751 632 816 &
652 745 808 844 cognati,
827 753 863 818 δε
886 745 975 818 nulli

68 862 292 936 neceffitudine
315 863 401 936 inter
420 863 453 936 se
473 865 668 963 conjuneii,
692 864 747 936 alii
767 865 848 972 alies
870 869 974 967 magis

68 1010 182 1060 curant.

107 1108 156 1178 Ut
171 1131 283 1180 autem
297 1108 390 1207 loqui
402 1105 566 1192 definam,
579 1128 688 1206 neque
701 1105 822 1180 diutiiis
835 1107 885 1179 his
903 1108 973 1179 im·
1046 1140 1049 1144 ·

68 1244 186 1312 motet,
204 1228 406 1302 considerate
427 1236 606 1326 quanta&
628 1226 729 1324 quim
747 1230 828 1325 justa
849 1227 891 1300 ad
912 1217 983 1301 vos²

68 1347 191 1420 afferam
206 1379 215 1422 ι
231 1349 379 1450 primiim
392 1347 530 1447 quidem
544 1347 724 1420 amicitiam
738 1348 815 1448 ergi
824 1347 898 1420 illos
914 1349 973 1447 qui

66 1469 283 1542 hereditatem
305 1470 532 1568 reliquerunt,
561 1455 708 1542 veterem
731 1477 767 1542 δε
787 1469 807 1541 ὲ
828 1470 973 1570 patribus

67 1614 248 1690 acceptam,
265 1599 301 1663 δε
319 1589 385 1662 fine
405 1589 470 1662 ulla
486 1589 722 1661 intermiffione
735 1589 777 1662 ad
789 1590 891 1664 finem
902 1609 989 1692 per-'

66 1709 213 1806 dubiam
230 1709 353 1784 deinde
370 1710 471 1782 multa
489 1718 525 1782 δε
543 1736 664 1811 magna
678 1709 860 1796 beneficia,
881 1712 946 1794 8<'
936 1737 972 1782 m

65 1831 130 1904 illos
149 1833 232 1905 dum
257 1831 434 1906 calamitofi
457 1855 550 1904 erant
571 1831 713 1943 collaffta
740 1827 972 1906 testamentum

65 1978 209 2054 ptaetetea
221 1953 265 2026 ab
284 1952 356 2053 ipfis
374 1947 565 2026 adversariis
583 1978 653 2023 non
668 1937 847 2052 negatum2
843 1937 972 2052 legem

66 2073 260 2178 denique
213 2074 293 2146 huic
313 2075 507 2146 testamento
527 2064 782 2209 suffragantem,
801 2085 836 2147 ὅ(
852 2077 973 2148 Graecis

66 2195 210 2267 omnibus
233 2193 430 2294 probatam:
451 2203 540 2292 cujus
561 2194 609 2265 tei
626 2194 809 2268 maximum
827 2195 908 2269 illud
921 2225 972 2268 at

65 2341 262 2415 gumentum
272 2319 340 2401 est,
360 2315 471 2415 qued,
490 2342 593 2415 quum
606 2315 677 2389 aliis
690 2315 734 2389 de
746 2316 841 2390 rebus
854 2317 972 2390 diffen-

66 2440 159 2523 tiant,
176 2440 219 2513 de
235 2439 293 2545 hae
307 2438 399 2511 idem
411 2464 528 2510 omnes
537 2440 689 2510 statuunt
709 2441 805 2514 Vos
796 2441 894 2540 igitur
907 2450 969 2512 oto

65 2552 115 2643 ui,
134 2556 169 2633 8<
186 2556 282 2644 hec,
303 2570 338 2633 &
359 2582 465 2631 cetera
479 2585 550 2655 quae
563 2557 653 2629 dista
667 2558 764 2642 sunt,
781 2560 967 2646 recordati,

65 2682 136 2776 justa
147 2690 183 2754 δε
196 2708 289 2780 aequa
300 2680 498 2763 decernatis,
514 2688 549 2751 δε
562 2678 640 2753 tales
653 2681 737 2754 mihi
746 2680 810 2755 fitis
823 2682 969 2781 Judi'cee‚

67 2801 168 2899 quales
180 2801 276 2876 vobis
287 2800 367 2873 ahos
379 2798 442 2873 effe
453 2824 623 2900 cuperetis
705 2812 713 2821 “
