2725 4750
195 349 390 424 EXCEPT.
404 347 521 426 ADV.
535 340 919 426 CALLlMACHUM.
947 378 1014 447 ²59

93 491 171 564 'uim
184 494 260 594 ergl
272 522 330 568 eos
345 495 403 594 qui
414 495 449 571 in
462 494 542 568 urbe
557 493 768 580 manserant,
785 495 857 568 tum
872 495 948 596 ergd
958 519 1012 572 to·

94 633 169 686 tam
184 615 372 700 civitatem,
390 643 461 688 non
476 639 651 688 contentus
667 619 711 688 est
723 615 746 688 st
757 617 827 716 pari
837 643 913 688 cum
929 640 1015 689 cete-

94 735 143 808 ris
156 742 229 832 jure
247 738 412 836 potiatur,
431 735 488 809 sed
501 737 638 818 meliore
654 737 849 837 conditione
864 735 928 809 elle
940 736 1013 810 vult

96 857 204 957 qudm
221 885 280 932 vos
292 858 364 932 estis
378 887 389 953 3
404 858 541 958 perindd
554 885 590 930 ac
607 857 631 930 sr
646 845 799 930 aut'solus
813 857 904 932 lasus
917 855 1014 940 effer,

97 961 159 1050 aut
185 979 309 1050 civium
329 979 499 1080 optimus,
526 1001 582 1050 aut
602 957 754 1050 maximis
776 977 1015 1052 calamitatibus
1045 1028 1049 1039 ι

99 1121 242 1197 propter
258 1125 316 1170 vos
328 1097 487 1184 allecibus,
505 1123 561 1170 aut
574 1099 716 1199 plutima
730 1100 766 1171 in
778 1097 1017 1201 rempublicam

98 1217 266 1295 beneficia
291 1217 487 1292 contulliset.
523 1219 659 1294 Vellem
684 1218 841 1319 equidem
866 1245 944 1291 eum
971 1219 1017 1290 iti

97 1364 224 1412 notum
239 1339 411 1416 ersevobis
424 1341 514 1418 ficuti
533 1341 617 1416 mihi
635 1343 703 1426 est,
724 1368 761 1413 ut
781 1367 825 1414 ne
840 1323 887 1414 ob
901 1339 1019 1414 arnilla

101 1460 217 1546 vicem
240 1471 309 1560 ejus
334 1461 513 1547 doleretis,
541 1485 574 1534 at
598 1462 711 1536 relidta
730 1443 791 1535 ‘illi
817 1463 1017 1537 invideretis.

102 1580 208 1652 Nunc
221 1567 339 1680 quibus
352 1581 422 1670 aliis
440 1579 607 1654 insidiatus
626 1581 685 1667 fit,
704 1591 740 1656 δι
756 1596 836 1681 quas
854 1579 927 1655 lites
945 1578 1019 1661 uim

102 1699 151 1774 de
167 1701 303 1801 publicis
318 1701 390 1774 uim
405 1701 447 1774 de
465 1703 598 1800 privatis
613 1704 805 1776 criminibus
818 1682 1034 1787 intenderit,

79 1808 83 1813 .
104 1829 145 1896 &
164 1822 360 1920 quibuscum
376 1815 631 1923 conspiraverit,
652 1835 688 1900 δε
704 1827 818 1898 contri
840 1854 923 1925 quos
940 1823 1021 1898 falsa

77 2043 79 2046 Ι
105 1947 299 2028 testimonia
313 1945 454 2032 dixerit,
472 1945 596 2019 etiamst
612 1946 715 2048 duplo
727 1957 830 2045 majus
843 1947 927 2020 milri
938 1971 1022 2019 tem·

105 2095 171 2172 pus
188 2067 342 2156 daretur,
357 2094 428 2139 non
447 2067 538 2174 mihi.
553 2067 597 2143 ad
613 2068 834 2146 enarrandum
852 2067 1021 2143 sufficeret.

6 2271 7 2274 Ἴ
98 2191 232 2263 'Unum
249 2215 360 2264 autem
376 2188 532 2264 duntaxat
545 2187 672 2263 facinus
692 2216 797 2290 quum
811 2189 1022 2276 audiveritis,

108 2309 212 2385 facile
223 2337 359 2383 omnem
373 2319 440 2409 ejus
453 2309 702 2412 improbitatem
712 2298 935 2411 cognoscetis(
957 2316 960 2321 ⁴

163 2444 219 2506 2⁰.
247 2416 405 2505 Cratinus
428 2433 521 2505 enim
538 2460 615 2505 cum
632 2434 720 2504 istius
743 2430 842 2505 affine
856 2432 899 2504 de
916 2423 1024 2523 fundo
1076 2430 1080 2434 ’

107 2552 275 2655 litigabat.
302 2554 414 2654 Pugnis
439 2576 549 2624 autem
570 2552 657 2625 inter
677 2578 733 2625 eos
751 2552 845 2636 orti,
861 2551 1026 2623 occultata

110 2674 232 2749 ancilld
245 2731 256 2764 ,
271 2676 530 2749 criminabantur
540 2672 719 2746 Cratinum
731 2698 827 2773 caput
839 2672 889 2746 illi
897 2674 1026 2745 contri·

111 2796 218 2893 ville3
236 2824 406 2917 quumque
421 2794 595 2869 allererent
609 2821 647 2867 ex
660 2821 701 2867 eo
712 2794 848 2868 vulnere
859 2820 1027 2867 mortuam

112 2917 182 2993 elle
204 2918 401 3003 mulierem,
423 2920 458 2990 in
481 2917 635 2991 tribunali
651 2918 755 3018 propi:
770 2917 952 2991 Palladium
968 2916 1027 3017 ipsi

80 3021 82 3027 i
112 3038 262 3113 decade
278 3040 445 3113 astionem
456 3038 487 3111 ei
499 3038 687 3113 intendunt.
701 3040 877 3124 Cratinus,
893 3040 1028 3111 istorum
1049 3068 1054 3073 ·

114 3158 242 3234 infidiis
255 3160 393 3245 auditis,
409 3181 466 3261 per
477 3160 641 3261 reliquum
652 3160 790 3259 quidem
798 3181 926 3259 tempus
938 3160 1028 3258 quie-

117 3284 191 3369 vit,
206 3305 267 3367 ne,
285 3300 413 3365 mutato
427 3282 586 3380 consilio,
603 3280 680 3355 alias
695 3278 825 3353 fraudes
837 3274 1030 3353 comminis-

171 3562 218 3667 [1.
235 3562 310 3655 ιω]
330 3563 486 3647 Karanitis
500 3577 629 3659 troanie
639 3568 751 3645 rt'u‘r'tic,
766 3580 786 3637 i.
799 3598 824 3635 e.
837 3568 1027 3658 altitonantis

117 3670 223 3745 dvffllf·
933 3685 935 3689 i
1013 3700 1016 3704 ’

787 3774 856 3873 un
