2725 4750
213 393 418 510 cousus
434 433 908 511 toonunuonnno.
949 455 1013 529 ,ις

85 572 206 648 blicas
220 579 386 663 actiones,
403 578 470 652 stne
486 578 662 680 sponsrone
675 581 854 651 statuerunt
866 605 879 663 ,·
891 601 928 649 ut
940 577 1018 648 uni-

88 696 226 794 cuique
234 698 1016 801 nostrfim,quemadmodum&vellet&pollet,

87 814 144 886 ital
164 816 280 891 ulcisci
294 820 406 896 liceret
419 849 476 896 eos
489 823 507 894 a
520 822 638 922 quibus
649 821 728 894 esset
741 822 861 921 injurii
872 821 1017 895 assessus.

90 933 244 1012 Deinde
257 941 292 1012 in
303 942 374 1016 aliis
388 944 597 1029 criminibus,
615 945 646 1018 ei
656 945 720 1017 soli
730 945 788 1044 qui
796 941 940 1017 offensus
950 947 1016 1028 est,

89 1058 195 1130 aelio
223 1060 259 1132 in
273 1065 360 1138 ¹etun
379 1066 438 1164 qui
456 1064 597 1140 offendit
615 1065 732 1138 datur:
756 1065 798 1137 de
817 1063 1017 1136 contumelia

90 1183 205 1266 verb,
223 1206 381 1285 tanquam
394 1187 533 1261 crimine
547 1184 704 1288 publico,
721 1186 824 1283 cuivis
838 1185 960 1258 civium
974 1183 1018 1258 li·
1060 1253 1063 1257 ,

89 1325 181 1388 cet,
209 1330 242 1376 re
272 1306 359 1406 apud
389 1307 624 1382 thesmorhetas
645 1306 774 1391 delaral,
798 1308 835 1379 in
854 1305 1015 1406 judicium

93 1447 232 1498 ventre.

148 1649 206 1721 Sic
221 1632 332 1724 aurem
346 1677 445 1751 grave
460 1651 683 1724 existimarunt
696 1651 776 1724 alios
794 1651 835 1724 ab
853 1625 924 1725 aliis
938 1676 1015 1724 ver·

36 1791 38 1798 ’
94 1765 233 1855 berari,
248 1797 284 1862 ut
295 1771 337 1846 de
350 1771 529 1847 maledieto
541 1773 676 1847 tulerint
685 1774 814 1874 legem,
826 1798 895 1872 quae
905 1772 1017 1871 jubeat

95 1917 160 1964 eos
183 1890 478 1991 quima'ledislum
496 1893 632 1994 aliquod
655 1895 782 1996 legibus
801 1894 1016 1967 interdistum

94 2009 295 2111 proferunt,
310 2013 498 2116 quingentis
513 2013 677 2090 drachmis
689 2015 850 2090 mulslati.
874 2013 1016 2087 Arenim

96 2157 229 2231 quanta
245 2132 403 2234 supplicia
424 2133 510 2207 sumi
530 2161 663 2236 oportet
686 2162 748 2238 pro
769 2136 808 2208 iis
831 2136 890 2235 qui
912 2131 1016 2234 reipsa

96 2255 240 2354 injurias
253 2255 479 2355 pertulerunt,
497 2285 601 2356 quum
617 2284 679 2359 pto
695 2259 734 2332 iis
752 2258 811 2359 qu'i
824 2255 928 2332 verbo
943 2280 1015 2328 tan·

97 2373 176 2475 titm
192 2376 279 2450 male
292 2377 486 2465 audierunt,
503 2378 549 2451 iri
562 2376 775 2453 succenseatis
788 2385 800 2452 ?

150 2618 287 2693 Mirum
305 2623 385 2693 verb
399 2618 496 2706 efflet,
510 2618 554 2706 st,
571 2636 674 2721 quum
690 2648 747 2693 eos
758 2621 823 2721 'qui
841 2621 877 2693 in
896 2620 1016 2723 o'ligat-

99 2740 178 2813 chia
189 2741 417 2814 contumeliost
428 2740 560 2815 suerunt
568 2796 579 2828 ,
593 2748 703 2845 morie
713 2742 832 2842 dignos
842 2743 1016 2830 censeatis,'

99 2865 183 2939 istos
194 2866 252 2965 qui
266 2865 301 2936 in
314 2865 528 2938 Democrarial
539 2864 808 2964 eldemsslibidine
820 2865 1016 2965 grassantur,

99 2985 243 3087 impune
257 2985 459 3061 dimiseritis.
481 2988 587 3087 Atqui
601 2995 673 3087 jure
689 2988 740 3059 isti
755 3011 866 3085 poenas
880 2985 1018 3058 subeant
1079 2998 1084 3011 ‘

102 3109 199 3179 tantb
209 3106 368 3191 acriores,
380 3108 506 3206 quanto
514 3106 606 3181 suam
617 3106 866 3206 improbitatem
880 3106 1017 3178 eviden-

101 3224 168 3298 tilrs
182 3226 369 3301 ostendunt.
385 3226 546 3327 Nam'qui
558 3254 645 3317 nunc
656 3224 772 3297 contri
783 3225 871 3326 leges
882 3252 1017 3326 peccare

103 3346 140 3417 in
165 3346 260 3421 cives·
279 3373 351 3427 non
375 3346 527 3432 dubitat,
548 3374 654 3447 qutun
673 3374 744 3421 non
760 3346 861 3442 licet3
883 3347 966 3445 quid
988 3346 1017 3422 is

158 3634 205 3726 [1.
228 3669 266 3707 12
286 3653 314 3708 δι
334 3634 407 3727 13.]
433 3642 495 3709 Tris
513 3644 709 3740 αἰὼὸῤῥιίῶων,
731 3644 779 3711 hle
793 3638 837 3713 ‘tol
860 3632 1018 3746 ἆωορῥῆτα

110 3748 254 3831 intellige,
275 3749 402 3807 convicia
414 3747 522 3831 legibus
537 3748 692 3811 interdiebt.
