2725 4750
182 393 249 466 DE
262 389 656 467 PERMUTATIONE
670 390 875 466 ORATIO.
944 398 989 487 87

72 538 207 611 urbibus
221 528 390 639 inquibus
405 537 509 639 aliqui
522 513 783 613 civiumbrdieel
794 532 888 611 causi
898 520 989 639 peri-

73 686 227 748 muntur,
240 662 325 735 illud
338 661 447 763 ipsum
462 657 623 763 ignoretis
635 658 680 733 nb
689 660 729 733 iis
739 646 811 733 lieri
823 661 882 760 qui
893 658 991 733 utris-

75 808 136 880 que
163 784 445 864 contendentibus
476 810 591 885 patem
618 778 988 863 benevolentia'mnon

76 904 239 980 exhibent.
259 906 342 985 'lam
354 905 444 979 illud
457 906 615 985 omnium'
627 905 867 1005 iniquiffimum
881 908 946 990 est,
963 904 988 979 fi

77 1028 144 1125 quis
157 1026 229 1128 ipse
245 1028 281 1100 in
295 1028 456 1128 judicium
469 1028 630 1116 addudus
639 1026 769 1113 fuerit,
787 1040 865 1104 eum
878 1022 988 1107 inca'-

76 1133 288 1227 lumniatores
305 1153 365 1227 fibi
383 1154 614 1229 invehendum
629 1154 863 1252 elsescensere3
882 1184 988 1256 quum

77 1275 151 1347 verb
164 1273 261 1348 alteri
275 1282 326 1373 jus
338 1276 441 1363 dicit,
452 1278 499 1376 ‚³¹¹
517 1276 634 1351 eidem
646 1255 809 1363 sententid
825 1304 897 1351 non
908 1300 988 1379 per-

79 1422 216 1469 manere.
240 1396 382 1499 Atenim
398 1424 533 1501 oportet
546 1401 675 1500 eos-qui
687 1399 817 1501 sapiunt
827 1400 906 1473 tales
917 1400 989 1475 aliie

79 1516 136 1591 effe
145 1518 295 1616 judices,
312 1522 425 1622 quales
437 1522 497 1596 fibi
511 1522 593 1595 alios
606 1520 671 1595 else
685 1522 825 1617 vellent:
844 1522 881 1596 id
892 1549 989 1624 tepu-

80 1662 176 1713 tantes
197 1642 236 1730 in
261 1644 350 1717 tanti
371 1645 650 1719 calumniatorum
674 1643 808 1717 audacid
823 1644 989 1720 incertum

82 1759 137 1835 else
153 1763 227 1862 quis
245 1764 281 1836 in
297 1764 481 1867 periculum
499 1765 682 1849 adducens,
705 1763 823 1839 eadem
837 1792 909 1863 quae
924 1792 988 1866 ego

82 1909 161 1960 nunc
181 1885 273 1987 apud
291 1911 348 1959 eos
369 1886 480 1961 dicere
495 1891 626 1959 coaetus
643 1883 744 1959 fuerit
760 1886 819 1985 qui
848 1886 891 1959 de
916 1885 989 1988 ipso

82 2003 224 2107 suffragia
240 2006 317 2081 sunt
331 2008 440 2081 laturi.

124 2128 210 2201 Nam
222 2128 316 2228 qubd
328 2129 415 2210 bend
431 2138 468 2203 δι
485 2128 658 2202 moderati
676 2128 751 2231 quis
766 2127 901 2213 vixerit,
918 2155 989 2203 non

83 2245 196 2323 idcircb
211 2251 361 2328 confidat
375 2252 510 2327 veniam
527 2252 587 2327 fibi
605 2252 752 2327 futuram
768 2252 878 2345 secure
889 2253 925 2349 in
937 2281 991 2327 ur·
1024 2330 1029 2335 ,
1057 2333 1061 2342 ,

85 2369 124 2444 be
144 2371 324 2460 habitandi.
353 2372 486 2468 Quibus
505 2373 597 2449 enim
616 2372 723 2450 &sua
740 2372 929 2480 negligere,
954 2384 991 2448 δε
1031 2389 1035 2396 “

86 2492 190 2568 alienis
201 2496 369 2584 insidiari,
389 2490 610 2576 deliberatum
625 2499 693 2582 est,
708 2523 779 2569 non
788 2497 839 2569 illi
852 2496 991 2596 quidem

86 2615 231 2691 modestis
256 2643 395 2719 parcunt
417 2617 569 2704 civibus,
592 2616 796 2691 facmotosos
816 2642 928 2692 autem
948 2618 991 2691 ad

87 2763 138 2810 vos
157 2739 344 2812 adducunt:
367 2739 477 2813 sedin
491 2739 531 2811 iis
545 2738 605 2839 qui
622 2737 708 2810 nihil
723 2737 893 2839 deliquere
906 2738 992 2812 vires

87 2863 199 2961 experti
227 2860 324 2948 suas,
355 2863 397 2936 ab
418 2863 460 2935 iis
480 2888 625 2964 quorum
644 2860 765 2962 scelera
788 2861 899 2964 paldm
916 2861 992 2942 sunt

88 2980 149 3080 plus
162 2983 376 3083 pecuniarum
388 3006 601 3083 extorquent.
629 3083 632 3088 -
698 3069 700 3078 X
907 2978 937 3087 'y'

129 3106 205 3196 Quo
218 3106 320 3178 etiam
335 3105 450 3200 animo
464 3104 676 3204 Lylimachus
689 3103 774 3176 mihi
787 3105 853 3178 hoc
864 3104 994 3206 'peticus

88 3220 149 3296 lum
171 3226 316 3311 creavit,
342 3249 447 3326 quum
471 3226 669 3300 existimaret
693 3224 779 3298 istud
801 3227 916 3300 contri
936 3253 995 3302 me

87 3343 237 3438 judicium
257 3346 317 3422 fibi
333 3347 422 3421 viam
441 3345 588 3422 futurem
610 3346 756 3448 pecuniae
774 3346 816 3420 ab
835 3346 906 3422 aliis
926 3348 994 3424 exi·
1083 3389 1085 3394 .

91 3624 279 3718 πρέῐματος,
295 3641 341 3701 vel
353 3626 427 3714 mei
442 3631 566 3721 tmoli.

135 3717 176 3811 [l.
192 3726 265 3820 24.]
283 3733 498 3823 Χρκματισμὲν
509 3737 581 3801 adde
592 3737 767 3804 velsubeudi
776 3731 973 3820 niviellam.
1050 3739 1052 3742 ’

147 3844 150 3849 ’
775 3839 800 3914 F
820 3840 855 3917 iv
