2725 4750
146 651 966 762 Pantntcus

327 987 786 1061 Exonorurr.

100 1133 263 1264 Quum
279 1173 508 1265 sciamuslvoa
524 1178 586 1252 viri
594 1179 834 1265 Athenienses,
845 1189 881 1254 &
891 1177 1016 1254 affectis
1036 1165 1041 1173 ¹

99 1295 223 1395 injutis
246 1296 387 1376 libenter
409 1299 563 1400 opitulari
583 1299 722 1385 solitos,
749 1311 784 1374 &
800 1328 861 1401 pro
875 1301 1015 1401 acceptis

101 1415 273 1490 beneficiis
284 1419 447 1514 cumulatd
462 1421 602 1522 gratiam
615 1420 756 1510 referre,
773 1423 924 1497 venimus
936 1422 1015 1522 sup·

101 1535 254 1636 plicaturi
268 1563 310 1610 ne
326 1565 387 1610 nos
402 1562 551 1640 tempore
566 1540 653 1641 pacis
669 1542 688 1613 d
702 1542 873 1615 Thebanis
884 1540 1016 1643 penitis

101 1657 209 1730 everti
222 1656 340 1731 finatis.
363 1657 428 1731 Etsi
446 1683 556 1734 autem
568 1670 637 1760 jam
650 1660 747 1735 multi
760 1661 803 1736 ad
815 1664 955 1736 vestram
969 1662 1013 1736 fi-

101 1778 183 1852 dem
194 1778 433 1882 confugerunt,
445 1783 608 1884 ¹&omnia
620 1783 732 1885 adepti
743 1783 818 1856 sunt
831 1811 902 1883 quae
913 1783 1015 1883 petie·
1065 1783 1071 1792 ’

103 1924 201 1986 rant,
218 1929 331 1976 cutam
350 1926 462 1977 tamen
482 1903 570 1978 urbis
591 1906 710 1977 nostrae
725 1893 820 1978 vobis
835 1901 1014 2003 prasertim

101 2047 255 2123 putamus
276 2022 526 2125 suscipiendam.
546 2025 619 2098 Nec
635 2025 727 2098 enim
742 2023 828 2096 ullos
846 2020 1013 2123 reperietis

76 2168 80 2177 ’
104 2145 165 2244 qui
176 2145 230 2220 vel
248 2145 394 2246 injustilts
409 2147 509 2248 quim
519 2173 580 2220 nos
594 2147 692 2220 tantis
704 2145 941 2219 calamitatibus
953 2144 1015 2216 fint

105 2269 267 2368 oppressi,
286 2269 340 2342 vel
352 2270 410 2369 qui
420 2273 558 2345 vestram
571 2269 739 2343 civitatem
749 2267 917 2341 diutilts&
928 2263 1012 2339 fido-

105 2388 171 2463 lilts
188 2388 355 2464 coluerint.
382 2390 495 2491 Atque
519 2389 649 2491 insuper
666 2416 706 2461 ea
724 2388 858 2490 petituri
878 2386 1012 2473 sumus,
1037 2450 1041 2457 .
1063 2384 1071 2430 ‘-

106 2534 180 2607 quce
195 2532 231 2583 ut
244 2510 379 2610 periculi
392 2510 521 2610 prorsus
535 2510 619 2585 nihil
632 2510 775 2595 habent,
788 2508 850 2595 irai,
866 2508 890 2581 fi
903 2509 1012 2608 impe-

105 2629 328 2703 traverimusal
343 2630 459 2715 vobis,
478 2629 520 2702 ab
534 2628 691 2703 omnibus
703 2656 763 2704 vos
773 2628 963 2703 sandillimi
975 2637 1013 2703 &

94 2748 265 2847 ¹justissimi
279 2753 469 2825 Graecorum
481 2748 722 2851 judicabimini.

156 2871 261 2965 Qubd
274 2872 298 2945 fi
309 2873 490 2947 Thebanos
503 2872 660 2946 duntaxat
672 2871 814 2945 omninb
828 2872 873 2945 ital
886 2895 1015 2974 paratos

108 2990 173 3065 effe
196 2992 382 3067 videremus
404 3016 441 3070 ut
463 2993 558 3067 vobis
579 2993 773 3094 persuadere
793 2993 960 3067 studerent
979 2991 1013 3065 se
1065 3064 1070 3071 .

110 3114 198 3189 nulli
211 3140 272 3187 nos
284 3113 421 3189 affecisse
433 3115 566 3215 injurii,
581 3118 726 3187 nostram
737 3095 924 3186 orationem
935 3141 1014 3215 pau·
1068 3097 1072 3104 Δ

109 3236 154 3309 cis
169 3235 429 3342 absolveremus:
447 3262 551 3335 quum
566 3259 677 3310 autem
693 3261 732 3308 ea
749 3224 858 3308 nostra
871 3232 910 3308 stt
923 3234 1014 3307 infe·
1038 3238 1042 3249 '
1096 3281 1099 3285 -

80 3459 83 3463 ¹
108 3358 234 3447 licitas,
252 3383 373 3431 utnon
390 3358 544 3431 cumillis
561 3356 691 3431 tanttlm
708 3358 805 3431 nobis
821 3337 1014 3448 conflidba'ti⁴

125 3518 1008 3549 ...-..-...........,.................

161 3582 206 3674 [1.
222 3586 295 3679 17.]
313 3600 414 3665 Addidi
423 3596 614 3683 palrachuod
625 3601 698 3667 deest
707 3606 736 3667 in
745 3600 868 3692 vulgati·
882 3602 1012 3669 eodan

82 3734 84 3741 ι
110 3704 141 3757 St
154 3700 184 3759 N
197 3695 328 3785 leguntii
339 3694 395 3783 pali
408 3688 442 3766 ist
452 3688 652 3783 μὲθηέαᾷκς.
676 3728 688 3779 '.
745 3761 748 3766 ,
