2725 4750
290 63 302 104 l

139 331 651 478 contraeunt-nturi
669 377 873 454 oestro.
917 329 982 475 ,Β

51 518 357 624 posterrimigirur
377 528 506 624 partem
524 523 687 611 reddent,
709 522 839 624 partem
856 524 983 599 tetine-

45 635 164 731 *bunt
190 641 339 726 Ntnr'id
357 642 431 745 ipss
452 639 533 726 urile
554 645 640 732 erit-2
659 642 838 746 succutit
852 638 982 724 redditi

54 757 160 858 quast
176 788 371 866 argumente
384 764 494 856 abusi,
517 789 630 866 pretias,
651 790 722 851 tren
738 763 982 866 dabuutinrt-tf

57 905 182 982 ceptae.
823 895 827 902 '
920 884 943 914 ”

118 1179 178 1246 2⁰.
200 1171 332 1249 Verum
351 1173 553 1280 considerare
574 1175 667 1278 quiid
686 1173 841 1249 facilest
860 1174 980 1251 eadem

38 1317 39 1322 ¹
60 1291 179 1368 dicere
191 1321 253 1396 pro
263 1295 359 1370 Nicia
370 1323 441 1397 quae
451 1275 558 1400 prose
565 1297 659 1371 affert
669 1298 848 1395 Euthynus.
862 1301 980 1392 Quum

62 1414 163 1488 enim
176 1417 297 1517 recepit
309 1417 377 1491 duo
395 1417 539 1507 talenta,
561 1446 663 1495 nemo
678 1419 728 1493 illi
740 1417 856 1521 adfuit.
881 1422 979 1513 Qua-

63 1560 205 1638 propter
219 1537 243 1612 s1
256 1537 287 1612 ei
296 1539 430 1614 libitum
440 1539 549 1615 fuisset
563 1540 778 1626 calumniari,
795 1540 870 1615 satis
881 1567 981 1642 appa-

64 1681 120 1731 ret
151 1657 187 1732 se
209 1684 317 1759 neque
340 1660 409 1733 haec
430 1659 465 1734 se
486 1659 638 1761 recepisse
656 1658 898 1747 consessumm,
922 1660 981 1735 sed

64 1777 112 1851 de
124 1779 281 1853 universis
297 1779 422 1854 eadem·
434 1781 534 1855 verba
546 1779 720 1855 fadurum.
737 1782 838 1855 Sic&
852 1779 895 1855 de
909 1809 982 1857 ma·
1049 1796 1053 1800 ’

68 1907 142 1997 iore
164 1901 301 2001 pecunia
320 1901 488 1998 Euthynus
510 1902 546 1974 in
570 1901 748 1976 discrimen
769 1898 920 1989 veniret,
942 1911 980 1976 &

67 2019 109 2093 iis
124 2021 325 2122 argumentis
338 2022 457 2122 quibus
469 2021 570 2096 uritur
579 2076 592 2111 ‚
608 2049 678 2103 non
692 2021 798 2125 posset
809 2023 868 2097 uti.
951 2038 955 2048 '

95 2386 98 2391 ,
120 2311 198 2391 Jarn
212 2309 291 2385 verb
305 2335 407 2383 nemo
419 2334 517 2410 queat
523 2310 696 2385 ostendere
705 2339 762 2385 cut
772 2309 884 2385 Nicias
893 2339 982 2412 quae·

71 2430 151 2503 dam
164 2430 293 2504 tantum
304 2430 489 2531 repetierit3
507 2432 565 2505 sed
578 2432 749 2508 intellectu
759 2430 855 2506 facile
867 2436 913 2507 est
925 2460 982 2508 cur

73 2552 243 2650 Euthynus
263 2552 327 2625 hoc
340 2552 444 2626 rnodo
461 2554 598 2653 injurius
610 2552 719 2627 fuerit.
743 2555 981 2659 Namquandb
1109 2609 1112 2615 .
1170 2651 1173 2658 Ι

72 2675 185 2747 Nicias
200 2674 235 2747 in
251 2676 346 2749 malis
362 2673 461 2762 esset,
477 2701 594 2749 omnes
610 2675 790 2775 cognati&
804 2674 981 2755 familiares

73 2804 142 2896 ejus
169 2795 341 2870 audierant
369 2824 447 2873 eum
474 2794 639 2899 quidquid
666 2798 794 2897 argenti
824 2797 983 2878 habuerat
1049 2855 1052 2866 .

74 2916 160 3019 apud
182 2916 279 2991 istum
293 2914 486 3021 deposuisse.
512 2916 722 3017 intelligebat
742 2917 842 3017 igitur
858 2918 982 3015 Euthy·
1118 2999 1120 3002 ,

73 3062 134 3109 nus
153 3035 233 3111 scite
245 3036 367 3111 multos
380 3036 444 3111 esse
456 3036 543 3144 apud
556 3036 795 3139 sepecuniam3
817 3039 981 3137 quantitm

73 3159 170 3244 verb,
184 3158 220 3233 id
228 3158 384 3234 audivisse
394 3159 575 3235 neminem.
588 3160 702 3251 Quare
716 3158 920 3234 existimabat
928 3211 940 3245 ,
956 3158 980 3232 sr

74 3277 155 3381 quid
167 3277 209 3353 de
227 3277 355 3355 summi
366 3276 588 3363 subtraxisset,
603 3278 689 3351 clim
702 3275 797 3376 fote3
810 3276 857 3351 sm
870 3302 981 3353 totum

78 3585 209 3647 duntaxat
223 3568 264 3663 (i.
277 3607 302 3647 e.
316 3606 403 3649 unum
415 3584 551 3647 duntaxat
566 3572 727 3664 talentum)
742 3586 771 3645 in
783 3581 889 3665 juditio
902 3604 983 3667 tepea

79 3701 131 3744 tnt.
747 3705 749 3708 '

726 3786 780 3876 „Y
806 3783 841 3856 iv
