2725 4750
153 351 859 457 EXCEPT.ADV·'CALL1MACHUM.
889 357 952 450 23'3

71 495 355 598 jufinod‘rnegotiis
371 497 437 574 dici
451 497 582 573 solent?
600 498 763 592 Tandem,
769 486 867 600 igitur
883 524 960 599 pet-

72 616 166 689 suasus
180 616 252 692 sum
268 626 282 712 (
290 645 370 691 nam
384 628 523 691 omnem
537 620 710 704 veritatem
722 618 817 693 vobis
830 618 959 711 dicam)
979 627 983 631 ”

73 761 104 809 ut
114 738 160 809 isti
171 738 283 811 darem
294 739 465 841 drachmas
479 739 644 838 ducentas.
665 740 720 811 Ne
733 742 811 817 vero
823 738 882 839 ipsi
893 739 959 809 ite·

66 842 137 929 ⁸rim
150 844 339 932 ealumniari
357 860 491 944 liceret,
512 844 782 931 arbitrumcertis
798 858 961 953 conditio·

74 979 156 1053 nibus
170 980 411 1055 Nicomachum
423 980 597 1058 Batensern
614 980 818 1081 sumpstmus.

214 1158 217 1161 ’
371 1150 637 1220 Trsrrs.

114 1278 324 1402 Atprimtim
340 1307 436 1401 pacta
455 1301 512 1382 iste
528 1301 696 1375 servabat:
716 1300 837 1384 deinde
857 1298 964 1373 confi·-

74 1421 145 1493 lium
164 1423 368 1496 machinatus
386 1451 461 1496 cum
480 1418 690 1509 Xenotimo,
711 1423 821 1525 legum
836 1423 964 1495 adulte-

76 1566 197 1628 ratore,
230 1545 431 1641 judiciorum
466 1568 687 1645 corruptore,
720 1538 965 1649 magistratuum

75 1685 247 1748 vexatore,
278 1663 442 1737 malorum
470 1664 615 1764 denique
641 1665 796 1765 omnium
822 1674 965 1749 autore,

76 1781 229 1869 astionem
246 1783 290 1854 ‘in
314 1810 369 1857 me
391 1783 505 1857 decem
522 1784 614 1857 mille
638 1777 967 1857 drachmarum'ino-

76 1926 131 1975 vet
159 1905 406 1996 Quumaurem
430 1932 493 2005 ego
510 1958 531 1990 ,-
548 1906 681 1979 testibus
702 1906 891 2005 produstis,
916 1930 969 1977 ac-

77 2022 191 2095 tionem
204 2024 278 2097 dari
289 2024 379 2125 porse
389 2051 566 2125 negarem,
581 2025 674 2125 quod
685 2018 856 2098 arbitrium
871 2025 970 2098 inter·-

76 2142 218 2229 ceffiffet,
234 2144 332 2232 litem
353 2172 422 2217 non
434 2146 618 2246 persecutus
632 2150 699 2243 est3
720 2146 808 2220 haud
819 2146 969 2245 ignarus,

77 2263 128 2335 nifi
151 2266 303 2363 quintam
330 2265 559 2367 suffragiorum
588 2291 716 2367 partem
741 2266 884 2351 tulisset,
913 2264 973 2339 srbi

76 2384 310 2460 muliiamfore
329 2386 535 2461 solvendam.
554 2387 620 2460 sed
634 2415 737 2486 quum
748 2389 973 2489 magistratum

77 2505 174 2578 verbis
187 2505 408 2608 persuafiffet‚
422 2507 529 2580 rursus
544 2506 698 2579 eamdem
711 2507 795 2580 mihi
808 2509 973 2580 actionem

76 2625 229 2712 intendit,
249 2627 337 2726 quast
351 2624 570 2731 sportularum
582 2626 740 2699 duntaxat
750 2626 894 2726 periculo
905 2653 975 2700 cer-

62 2769 199 2819 taturus.
224 2750 297 2848 Ego
314 2749 394 2821 verb
415 2747 519 2820 animi
534 2747 650 2820 dubius
669 2749 736 2845 quo
754 2749 789 2821 in
806 2748 857 2822 his
880 2747 973 2822 malis

76 2892 125 2938 me
141 2892 325 2952 verterem,
350 2851 621 2949 consultissimum
641 2865 704 2942 effe
725 2867 828 2952 duxi,
846 2887 973 2968 arquato

80 3214 82 3221 ·
113 3153 165 3279 ,[Ι.
181 3156 236 3249 9.]
260 3164 346 3254 Vuig.
361 3161 599 3254 irapieipame,
616 3169 759 3232 deditum
776 3155 869 3232 Blattio
880 3169 973 3248 ὣαφ.

80 3261 214 3350 tetpor‘lot.
709 3345 713 3350 Ι

124 3346 165 3438 [l.
187 3348 263 3443 14.]
287 3345 402 3448 ἐκείνῃ,
415 3367 513 3447 nempe
529 3357 567 3446 τξῖ
580 3361 660 3449 «Nep.

125 3443 139 3535 [
148 3461 167 3521 l.
193 3446 272 3538 17.]
295 3455 484 3544 Πρυτανὲἱα,
501 3464 605 3536 latine,
625 3462 771 3544 sportulae,
788 3481 845 3522 erat
861 3464 974 3544 pecunia

77 3577 158 3637 ¹quam
181 3557 339 3640 deponebat
359 3579 473 3640 uterque
496 3560 692 3644 litigantium,
713 3559 771 3621 tim
790 3563 867 3621 aiior
887 3555 970 3640 quim

81 3673 145 3716 rtus.
168 3656 241 3721 Vide
253 3657 507 3739 Harpocrationern
522 3659 551 3717 in
567 3657 617 3720 hic
629 3680 708 3722 voce.
959 3672 962 3678 ⁴
