2725 4750
126 328 330 411 exem,
343 326 461 439 Any.
470 318 852 406 cmurMAcuuM.
880 358 920 428 23
927 366 947 427 9
1035 432 1036 437 p

35 472 144 572 petio,
164 474 234 549 tale
253 475 438 575 quidquam
450 472 611 547 admififfe
624 474 783 550 inveniet.
800 478 949 551 Istevero

35 595 91 668 ribi
103 593 233 671 faciam
251 598 408 697 injuriam
426 596 658 695 conqueritur,
676 596 789 695 ejediis
806 607 874 697 jam
889 597 949 668 tri-

35 715 122 815 ginta
137 718 316 814 tyraunis,
334 727 369 792 &
383 718 485 792 Piraeo
500 742 684 817 occupato,
700 727 737 793 &
747 718 872 820 populo
882 719 950 792 vic·

37 861 127 923 tore,
154 865 271 943 quum
294 848 364 933 jam
389 838 432 913 de
455 826 681 939 pacificatione
701 838 801 913 verba
825 840 952 912 fierent.

37 956 173 1031 Ateuim
198 958 346 1033 vobisne
370 958 528 1033 credibile
549 956 701 1044 videtur,
720 944 796 1032 eum
816 959 874 1058 qui
891 940 952 1031 sub

39 1076 168 1177 triginta
187 1063 342 1174 tyramnis
353 1078 502 1151 modeste
513 1078 547 1151 se
560 1064 707 1179 geiserit',
721 1078 853 1177 injurias
866 1078 902 1149 in
914 1077 953 1151 id

40 1223 162 1299 tempus
183 1198 359 1273 faciendas
377 1198 571 1285 reservaffe,
592 1224 660 1299 quo
675 1225 800 1274 ceteros
817 1199 952 1274 suorum

41 1317 227 1397 facinorum
249 1323 460 1425 poenitebar?
485 1320 581 1415 Quid
595 1346 706 1396 aurem
724 1322 791 1395 dici
808 1324 913 1424 potest
933 1322 953 1395 d

41 1441 173 1537 veritate
187 1443 445 1530 abhorrentium,
465 1444 565 1543 quim
576 1469 655 1527 me,
672 1442 953 1541 quiirrimicorum

19 1572 21 1576 ’
43 1561 146 1634 ulcisci
161 1566 342 1639 neminem
354 1564 537 1649 voluerim,
551 1565 649 1637 istum
657 1562 775 1637 laedere
785 1562 954 1637 instituiffo

45 1708 115 1755 cum
125 1710 196 1782 quo
208 1684 299 1757 nihil
313 1712 461 1784 uuquam
474 1684 522 1757 rei
534 1683 620 1755 mihi
630 1680 758 1757 fuerat?

91 1979 149 2055 111,
177 1976 233 2051 Ac
246 1978 452 2079 mequidem
465 1980 501 2052 in
514 1979 607 2053 causi
620 2004 690 2051 non
699 1974 793 2053 fuisse
802 2001 840 2051 ut
848 1977 958 2051 Calli-

52 2099 151 2173 machi
175 2100 580 2201 pecunia-publicaretur,
600 2099 676 2173 satis
697 2099 955 2182 demonstratum

51 2218 107 2291 effe
123 2220 278 2313 arbitror.
299 2222 354 2295 {sti
368 2246 478 2295 aurem
497 2248 567 2293 non
580 2218 704 2294 licuiffe
721 2218 764 2293 de
780 2218 875 2293 rebus
893 2246 956 2295 an·

54 2336 158 2414 readis
175 2341 275 2415 litem
292 2367 450 2427 movere,
468 2368 510 2416 ne
526 2340 597 2414 tium
612 2340 750 2440 quidem
768 2338 792 2414 fi
810 2338 957 2414 fecissem

56 2463 160 2573 omniu
177 2490 253 2564 quae
270 2464 341 2566 ipse
355 2465 483 2564 arguit,
505 2465 524 2536 ὲ
545 2462 725 2536 federibus
743 2461 956 2564 cognoscerisr

57 2580 91 2652 Et
105 2582 187 2656 mihi
202 2608 285 2684 cape
301 2583 460 2658 libellum.

196 2847 200 2852 -
357 2801 650 2873 Fmorum

77 3082 80 3091 ,
103 3013 193 3090 Num
219 3016 321 3119 igitur
347 3017 482 3092 modico
511 3028 581 3118 jure
605 3017 706 3092 fretus
729 3009 959 3118 exceptionem

62 3127 138 3204 lunc
150 3134 297 3234 institui3
317 3165 420 3236 quum
437 3139 545 3238 apertd
560 3135 685 3210 foedera
702 3134 883 3210 incolumes
901 3137 955 3210 di-

65 3251 964 3358 mirunteorquidiquemaccusiruntautdetuleruut,'

65 3393 112 3440 aut
133 3372 237 3451 fimile
255 3378 428 3477 quippiam
447 3376 654 3478 designirunt
665 3429 677 3462 ‚
703 3386 739 3450 δε
752 3393 821 3479 'ego
841 3379 957 3478 possim

66 3489 243 3582 ostendere,
254 3524 311 3575 me
321 3523 430 3596 neque
438 3498 506 3571 haec
514 3497 632 3599 egiffe,
646 3525 753 3598 neque
763 3499 851 3572 aliud
862 3499 958 3599 quid·

67 3630 157 3702 quam
168 3613 362 3717 deliquiffe?
384 3618 500 3694 Recita
511 3619 612 3692 etiam
625 3617 860 3718 jusjurandum
962 3637 965 3644 '
