2725 4750
229 313 605 403 Tunuuzr‘slcn
632 327 855 404 ORATlo.
906 326 991 427 ‘215

89 498 145 545 nec
158 472 304 547 festinus
318 472 397 547 ellet
411 473 504 573 quod
518 473 586 545 illlc
596 473 843 549 decerneretur:
856 473 915 549 sed
928 475 996 549 talin

88 593 247 695 insignem
262 596 416 694 injuriam
430 596 514 669 mihi
528 596 600 669 fieri
614 596 793 694 judicavit,
812 622 848 673 ut
862 598 999 673 navicu·

88 717 181 789 latios
201 742 403 791 convocatos
425 718 549 819 rogaltit
562 743 599 791 ut
619 719 705 791 mihi
725 746 826 819 opem
847 718 995 809 ferrent,
1075 702 1077 709 ⁵

90 847 122 912 ὃ(
135 838 269 939 scriptas
280 840 323 913 ad
336 840 505 913 civitatem
515 844 653 915 vestram
671 841 793 915 litteras
809 842 996 915 Xenotimo

89 960 220 1056 Carcini
231 955 307 1035 filio·
316 961 526 1063 perferendas
537 960 676 1037 dederit
691 963 731 1035 Et
745 985 780 1035 tu
793 962 850 1035 has
858 964 970 1036 recita.
1072 1028 1074 1035 ,

376 1228 707 1299 errurtffi.

132 1444 215 1516 Vll..
234 1445 353 1537 Quum
373 1446 506 1527 autem3
524 1441 671 1543 judices,
691 1466 782 1516 tanta
801 1470 882 1517 meae
897 1442 997 1517 causae

90 1563 124 1635 fit
135 1564 288 1663 aequitas,
305 1545 585 1670 illud'maximum
597 1564 824 1639 testimonium
837 1564 900 1639 effe
914 1564 998 1637 arbi·
1019 1650 1032 1663 ,-
1053 1648 1058 1658 ,

91 1710 174 1770 tror,
189 1668 366 1762 Pasroneni
381 1713 436 1759 me
449 1688 595 1788 pecuniis
611 1686 787 1773 fraudare,
806 1685 898 1785 quod
914 1666 998 1787 pue-

91 1832 158 1878 rum
188 1806 330 1908 depositi
357 1806 527 1881 conscium
557 1808 594 1879 in
623 1810 840 1906 questionem
871 1807 998 1908 tradere
1083 1908 1084 1911 Ἴ

92 1927 208 2001 ηοΙιιίῑ.4
216 1918 325 2028 Atqui
339 1930 381 2005 de
393 1930 535 2031 negotiis
546 1956 617 2028 quae
629 1957 706 2001 cum
716 1926 885 2001 mensariis
898 1930 999 2003 habe-

50 2057 54 2065 “
91 2078 183 2137 mus,
209 2054 386 2153 quodnam
410 2076 643 2153 argumentum
668 2076 838 2124 tormento
859 2050 998 2129 validius
1053 2078 1060 2091 ⁸

93 2170 150 2245 else
169 2175 294 2273 poffit?
321 2201 391 2247 non
414 2174 506 2246 enim
532 2199 649 2247 eorum
671 2173 885 2274 negotiorum
906 2176 999 2246 testes

93 2294 291 2413 adhibemue.
314 2296 429 2373 Video
449 2321 561 2381 autem
580 2306 616 2370 &
632 2324 692 2370 vos
712 2294 784 2369 nim
807 2296 849 2369 de
863 2296 998 2399 privarit

94 2417 181 2491 rebus
194 2419 266 2492 tium
280 2417 323 2491 de
331 2413 476 2518 ¹publicis
492 2410 661 2490 nihil‘fide
675 2418 808 2518 dignius
821 2440 876 2490 aut
891 2417 998 2490 verius

94 2541 261 2612 tormentis
273 2540 479 2634 existimare3
499 2566 536 2612 ac
548 2539 621 2612 fieri
630 2537 769 2636 quidem
783 2536 873 2637 porse
887 2561 923 2610 ut
935 2537 999 2609 ali·
1050 2618 1053 2624 .

94 2659 370 2757 quisubornentur
379 2660 438 2758 qui
448 2661 540 2732 testes
551 2659 731 2732 fintrerum
740 2685 809 2731 uon
817 2657 997 2744 saetarum,

95 2803 254 2856 tormenta
264 2783 345 2854 verb
353 2769 524 2854 evidenter
533 2763 706 2852 ostendere
714 2780 780 2852 utri
790 2805 867 2854 vera
875 2779 997 2854 dicant.

94 2902 171 2993 Quae
188 2904 246 2977 iste
266 2930 373 3002 quum
387 2900 505 2986 scitet,·
522 2927 583 2974 vos
600 2900 790 3004 mnjediurd
812 2901 861 2975 uti
880 2901 998 2974 maluit

94 3023 187 3122 quim
214 3055 288 3101 rem
310 3027 401 3129 §erto
422 3024 631 3124 cognoscere.
672 3025 794 3124 Neque
816 3023 909 3096 enim
933 3023 999 3098 hoc

96 3219 224 3243 Μ

96 3341 168 3406 fuiffe
177 3347 277 3410 ducem
287 3353 336 3430 qui
346 3345 572 3430 Peloponnesum
581 3343 662 3409 clalle
669 3345 812 3409 infestaltit.
824 3353 921 3433 Quem
931 3349 995 3410 uide

97 3441 128 3500 td
142 3443 210 3506 hauc
223 3447 312 3530 ipsam
323 3469 435 3510 vocem.

146 3526 186 3618 [l.
215 3528 291 3627 ru]
320 3545 423 3607 Malim
438 3541 527 3607 abesse
540 3537 748 3626 yrl'errulrer,
766 3544 843 3626 quod
858 3549 950 3628 potuit
966 3549 996 3606 in

99 3653 195 3702 textum
218 3647 335 3727 irrepere
356 3644 397 3707 ob
418 3634 601 3726 yrl'errrper'rur
623 3641 800 3726 subsequens.
830 3691 832 3695 .

757 3745 852 3824 Oiv
