2725 4750
187 348 815 467 Turnnzrrtcnortarro.
887 358 950 451 ,ες

94 504 140 593 5⁰.
160 501 241 572 Post
254 500 344 584 haec,
367 497 516 598 judices,
542 495 628 571 mihi
647 497 818 571 nuntiatur
830 520 958 598 patrem

48 645 169 693 carcere
194 620 373 694 liberatum
397 618 484 705 esse,
506 627 542 692 dt
558 621 710 715 Satyrum
724 619 779 713 xital
796 620 957 720 poenitere

49 740 199 815 omnium
215 770 287 842 quae
302 742 445 825 fecisset,
458 765 496 815 ut
505 741 650 815 maxima
662 740 722 841 ipsr
733 741 958 825 suabenevo-

48 861 150 935 lentiae
164 862 298 937 dederit
311 864 519 948 testimonia,
534 861 657 935 scilicet
670 863 850 963 imperium
863 862 959 963 ipsius

50 970 304 1082 amplificatum,
318 992 355 1058 δι
367 1010 479 1057 meam
488 983 639 1057 sororem
653 986 724 1058 silio
743 984 802 1057 suo
815 984 960 1086 despon-

51 1101 123 1174 sam.
148 1108 232 1177 Haec
250 1132 355 1205 quum
373 1106 501 1179 audiret
521 1105 612 1178 Pasro
623 1158 634 1191 ,
658 1106 819 1206 sciretque
836 1134 891 1180 me
911 1115 962 1207 jus

52 1250 159 1297 meum
171 1227 284 1325 aperte
294 1225 556 1326 persecuturum,
570 1225 704 1299 Cittum
713 1254 851 1328 puerum
864 1254 962 1300 occu·

52 1346 105 1430 lit,
121 1347 238 1447 quide
254 1348 401 1449 pecuniis
411 1346 493 1447 quid
506 1353 618 1422 adium
630 1347 710 1422 esset
722 1348 869 1421 conscius
881 1372 961 1421 erat.

54 1470 224 1567 Postquam
238 1472 319 1570 ergo
332 1469 443 1543 acceffi
462 1469 594 1542 servum
609 1469 790 1570 petituruS,
809 1494 895 1541 ratus
910 1469 962 1541 ni·

55 1587 169 1661 mirlrm
193 1589 281 1661 hanc
305 1590 391 1663 mihi
411 1590 551 1663 adilonis
576 1616 657 1661 meae
681 1588 961 1662 evidentissimum

56 1708 111 1782 esse
131 1710 387 1811 probationem,
405 1711 595 1784 sermonem
611 1709 711 1785 habet
726 1712 881 1784 omnium
902 1738 963 1784 au·

56 1830 275 1926 durissimum
290 1832 412 1933 nempe
421 1858 477 1905 me
492 1841 528 1905 ὃ(
544 1832 775 1905 Menexenum
786 1830 961 1932 corrupisse

58 1978 186 2051 puerum
208 1953 268 2053 qui
292 1953 335 2026 ad
359 1950 509 2026 mensam
537 1952 700 2039 sederet,
714 1962 750 2027 δε
778 1952 832 2025 sex
857 1951 898 2025 ab
919 1977 961 2026 eo

59 2074 170 2147 talenta
184 2101 245 2177 per
259 2074 412 2148 fraudem
427 2072 598 2147 abstulisse.
621 2076 675 2147 Ne
688 2076 768 2149 veto
782 2073 817 2147 id
837 2073 962 2147 facinus
1014 2112 1015 2115 ¹
1136 2061 1139 2067 ¹

60 2195 161 2293 argui,
176 2204 213 2268 &
232 2221 292 2297 per
304 2220 471 2269 tormenta
488 2195 607 2270 vetitas
625 2196 753 2295 exquiri
768 2193 894 2296 posset,
909 2182 964 2267 di-

61 2314 145 2388 cebat
156 2341 218 2390 nos
231 2316 405 2390 occultasse
421 2342 581 2417 puerum,
601 2324 638 2391 &
653 2342 743 2390 nunc
758 2315 800 2389 ad
815 2314 848 2388 se
865 2343 962 2390 accu-

61 2434 190 2511 sandum
204 2437 319 2512 venite
331 2491 342 2522 ,
356 2463 499 2538 eumque
509 2438 670 2538 postulare
684 2465 785 2538 quem
798 2437 856 2537 ipsr
868 2465 964 2511 octu-

62 2556 225 2634 luissemus.
250 2562 329 2634 Hac
342 2585 444 2659 quem
455 2559 596 2644 diceret,
612 2567 648 2632 δι
663 2559 910 2659 indignaretur,
926 2567 963 2632 δι
1028 2603 1031 2614 ‹

62 2678 300 2777 lacrymaretur,
312 2707 367 2754 me
375 2680 418 2753 ad
427 2680 677 2780 polemarchum
690 2679 856 2765 trahebat,
866 2678 964 2780 spon-

63 2800 140 2875 sores
163 2802 351 2903 postulans3
371 2826 481 2900 neque
502 2800 590 2900 ptius
610 2799 759 2885 destitit,
787 2800 888 2899 qudm
908 2798 962 2872 sex

65 2924 253 2999 talentorum
269 2923 442 3024 sponsores
454 2924 486 2997 ei
499 2921 669 2997 dedissem.
692 2923 789 2998 Voca
805 2922 889 2994 mihi
902 2921 962 2995 ha·

66 3073 131 3118 rum
142 3075 251 3121 rerum
267 3049 372 3120 testes.

110 3272 622 3369 [19.]KlrorabestlDionyso

111 3369 236 3464 [l.13
247 3375 261 3468 ]
294 3386 379 3470 Vulg.
405 3378 514 3459 aeirrlr,
536 3383 600 3443 dedi
618 3374 669 3443 ‘tir
690 3402 754 3442 curn
778 3382 913 3464 Dionysio
934 3391 962 3444 &

69 3487 155 3544 Battie.
175 3484 277 3547 Forsan
289 3485 439 3568 legendum
451 3477 555 3543 esset’
529 3475 617 3545 αυτὸν
634 3472 695 3542 ro'r.

115 3564 157 3656 [l.
179 3605 217 3642 21
246 3591 274 3643 δι
299 3603 353 3641 22.
364 3568 377 3660 ]
402 3570 459 3643 Kal
479 3603 579 3659 μοι..
595 3575 815 3656 ..Dionyfius,
839 3566 887 3640 uei
908 3600 963 3662 μοι

71 3668 451 3764 ἰνᾶξκΊιτέτωνμᾶρΊυρκ
555 3726 559 3730 Α
647 3704 650 3710 ·
681 3710 684 3716 ·
