2725 4750
159 369 350 446 exortu.
361 367 477 448 nov.
491 365 968 470 uarrruneuunr.·2r5
994 443 996 449 .

67 514 531 616 ¹desperarent,fadborumque
541 515 731 618 sumptuum
740 515 827 616 ipsos
837 495 977 616 prenite-

21 717 27 726 ,
50 705 54 712 ,
71 647 118 741 r'et
126 675 137 722 ·‚
152 645 188 710 δι
201 635 289 710 bona
299 637 355 709 sua
366 637 520 738 deinceps
534 635 755 721 occultarent,
770 633 873 734 quum
883 660 978 736 pura-

21 847 22 850 *
37 789 40 796 ¹
73 781 139 840 rent
153 757 335 834 aecumesse
347 759 389 831 de
402 758 586 858 republicd,
603 769 637 832 δε
650 761 784 859 privatis
795 758 977 844 rationibus

70 879 297 980 consulerent3
314 907 377 980 ego
392 880 491 980 longe
506 879 607 953 alium
625 877 775 953 animum
786 879 905 965 habui,
919 861 975 965 dc,

74 1029 171 1098 quum
185 999 278 1072 fratri
294 1028 371 1074 meo
387 999 607 1102 persuasrssem
620 1023 657 1074 ut
675 1001 741 1073 und
755 1027 886 1074 mecum
900 1027 979 1072 mu-

75 1149 129 1194 nus
146 1123 338 1196 trierarcbiae
359 1124 488 1210 obiret,
510 1124 661 1197 mercede
679 1124 723 1196 de
741 1127 852 1196 nostro
871 1123 978 1195 nautis

74 1245 236 1334 numerard
248 1297 259 1330 ,
285 1245 390 1318 hostes
415 1245 648 1319 infestavimus.
673 1245 855 1344 Denique,
876 1273 982 1345 quum

75 1365 240 1461 Lysander
253 1365 351 1466 poend
363 1367 476 1466 capitis
489 1365 640 1438 sanxisset
650 1392 693 1438 ne
708 1367 781 1464 quis
794 1365 837 1438 ad
849 1393 908 1438 vos
919 1364 981 1438 ad·
1064 1350 1070 1359 ⁸

77 1470 205 1560 veheret
221 1485 445 1589 frumentum,
459 1510 553 1559 tanto
563 1486 685 1560 suimus
698 1487 733 1557 in
745 1485 983 1586 rempublicam

77 1607 193 1692 studio,
206 1631 263 1694 ut,
276 1635 380 1707 quum
393 1607 448 1680 aiii
461 1633 504 1682 ne
518 1606 612 1682 suum
627 1605 764 1705 quidem
777 1605 984 1680 frumentum

78 1727 252 1828 importare
269 1727 451 1813 auderent,
476 1756 536 1802 nos
561 1729 806 1828 intercipientes
826 1727 919 1826 quod
939 1727 984 1800 ad

77 1847 144 1920 illos
166 1847 372 1933 vehebatur,
398 1849 434 1920 in
460 1851 597 1922 Piraeum
625 1847 884 1948 perduceremus.
919 1851 984 1920 Pto

56 1969 187 2082 *quibus
202 1969 370 2043 beneficiis
387 1997 446 2044 vos
460 1969 587 2070 publice
602 1969 699 2041 nobis
714 1995 852 2040 coronas
867 1968 984 2041 decre·

78 2091 184 2177 tristis,
199 2100 237 2164 δε
253 2116 289 2164 ut
306 2094 380 2164 ante
398 2095 514 2164 statuas
533 2092 672 2164 heroum
691 2090 984 2191 ploclamaremur,

79 2219 233 2311 'tanquam
246 2213 381 2313 ‘optime
403 2212 445 2285 de
471 2212 634 2312 republicd
654 2211 789 2297 metiti,
813 2196 1009 2312 censuistis„
1038 2306 1041 2312 Ι

79 2333 215 2408 Α’ῐεηίιη
236 2334 267 2438 ἰὶἱ
281 2335 357 2408 sunt
374 2334 581 2407 existimandi
601 2333 795 2434 populares,
812 2360 882 2405 non
905 2331 963 2431 qui
973 2384 987 2417 ,

80 2454 156 2529 ditm
167 2473 170 2479 “
175 2455 315 2557 populus
329 2480 397 2529 etat
409 2457 577 2556 superior,
593 2456 759 2557 popularis
773 2454 871 2565 statds'
885 2454 989 2553 parri-

80 2578 162 2677 cipes
176 2576 242 2651 esse
256 2578 471 2677 cupiverunt3
489 2574 546 2647 sed
564 2575 643 2674 qui,
666 2574 786 2647 affliue
802 2574 987 2673 republicd,
1051 2643 1058 2652 ,

81 2724 136 2797 pro
146 2698 243 2772 vobis
256 2697 330 2770 vitae
340 2696 516 2770 discrimen
527 2696 618 2769 adire
631 2686 807 2769 voluerunt
816 2705 874 2769 r&
885 2696 990 2795 gratia

82 2818 308 2902 habendaest,
327 2844 396 2889 non
406 2817 430 2889 fi
442 2817 517 2916 quis
529 2818 685 2917 privatim
695 2809 807 2917 gravia
817 2816 922 2917 passus
931 2803 990 2900 sit,

83 2939 136 3013 sed
151 2941 264 3038 siquis
279 2940 374 3012 vobis
393 2938 615 3013 benefecerit:
634 2948 668 3013 δε
688 2920 882 3040 pauperibus
896 2937 990 3011 fartis

83 3061 254 3135 tribuenda
284 3064 329 3133 est
357 3060 605 3144 misericordia,
635 3086 706 3131 non
733 3060 792 3156 qui
803 3058 884 3136 ,suas
911 3084 990 3157 opes

85 3183 296 3281 perdiderunt
312 3234 322 3269 ,
336 3182 406 3257 sed
427 3182 485 3280 qui
506 3208 559 3269 eas
579 3180 681 3255 vestrd
701 3178 795 3252 causas
818 3178 992 3279 impende-

86 3329 168 3377 runt.

91 3596 242 3677 genitivis,
262 3593 309 3655 sed
324 3596 411 3679 potest
426 3596 536 3654 retineri
549 3585 715 3673 μιΊαμέλον
730 3594 760 3656 in
773 3588 995 3652 accusativo'ab-

91 3690 193 3759 soluto.
214 3748 219 3758 ,
