2725 4750
264 352 636 429 TRAPEZITICA
661 352 885 428 ORATIO.
958 359 1024 439 187

439 549 704 650 Testes.

164 714 281 789 Testes
294 696 478 803 audivistis,
491 716 626 816 Judices.
635 721 712 821 ,Ego
724 719 820 820 verb,
835 744 939 817 quum
949 715 1030 805 alias¹

109 835 271 934 pecunias
284 837 517 937 perdidissem,
532 840 656 923 dealiis
667 840 860 941 turpissimas
874 839 1027 913 crimina-

107 956 224 1030 tiones
237 956 450 1046 sustinerem,
471 960 542 1062 ipse
558 962 751 1061 inquirendi
770 962 862 1036 causs
876 962 912 1033 in
931 960 1028 1033 Pelo·

106 1080 303 1179 ponnesum
316 1080 393 1155 abii.
407 1085 615 1157 Menexenus
625 1111 765 1185 puerum
775 1084 827 1156 hsc
839 1083 1027 1184 deprehen·

109 1202 190 1288 dit,
212 1231 354 1303 eumque
378 1230 544 1307 arreptum
567 1205 709 1306 postulat
734 1206 770 1278 in
791 1207 1025 1306 questionem,
1129 1258 1133 1273 ,

112 1323 193 1396 tiam
210 1325 255 1398 ob
275 1327 429 1426 pecunias
449 1326 634 1427 depofitas,
658 1326 729 1399 tum
751 1325 797 1399 ob
816 1352 869 1399 eas
892 1350 1026 1429 propter

111 1474 199 1545 quas
219 1448 277 1520 iste
299 1476 360 1521 nos
380 1448 417 1521 in
435 1449 560 1523 crimen
579 1448 721 1523 vocitat.
746 1446 837 1521 Pafio
857 1438 968 1521 aurem¹
986 1449 1026 1537 eb

108 1567 332 1669 impudentiae
354 1570 471 1655 venit,
495 1594 532 1643 ut
551 1596 629 1643 eum
649 1568 800 1645 assereret
817 1594 879 1669 pro
896 1567 1025 1664 liber03

109 1716 178 1761 nec
192 1690 394 1764 erubesceret
405 1716 460 1765 aut
470 1716 651 1776 metueret,
667 1717 770 1792 quem
782 1690 906 1763 anobis
917 1690 1027 1791 plagio

113 1809 318 1897 abdusfflm,
333 1812 401 1885 &i
417 1840 485 1912 quo
500 1839 560 1885 nos
577 1837 682 1886 tantas
700 1812 851 1913 pecunias
868 1808 1027 1884 abstulisse

114 1933 271 2020 dicebat,
291 1934 447 2009 eumdem
458 1935 495 2007 in
504 1935 690 2009 libertatem
704 1936 854 2020 asserere,
869 1963 905 2007 ac
916 1934 1029 2035 prohi-
1137 1989 1142 2001 ,

113 2055 197 2127 bete
210 2083 254 2129 ne
272 2082 489 2157 torqueretur.
511 2058 531 2135 J
533 2086 604 2142 am,
618 2057 712 2157 quod
722 2058 876 2130 omnium
885 2053 1027 2156 graviffi-

114 2203 213 2248 mum
223 2179 399 2274 est,quum
407 2178 614 2251 Menexenus
622 2176 1026 2278 puerumipolemarcho,

114 2296 328 2396 sponsoribus
341 2298 447 2385 datis,
463 2298 654 2400 postularet,
667 2280 758 2371 Pasro
769 2297 894 2398 septem
906 2297 1028 2369 talenta
1124 2324 1126 2333 ·

116 2445 182 2518 pro
190 2402 903 2520 eodem,tanquamlibero,ipsespopondit.
914 2419 1026 2518 Atque

117 2539 241 2611 horum
253 2540 336 2612 mihi
346 2540 478 2639 prodite
490 2595 501 2625 ,
517 2543 620 2614 testes.

442 2717 709 2788 Tassat

165 2886 227 2958 His
239 2883 284 2956 iti
293 2887 431 2985 perustis
440 2883 599 2983 ,judices,
608 2909 712 2983 quum
720 2882 779 2956 iste
788 2883 935 2956 censeret
944 2881 978 2955 se
991 2882 1026 2956 in

119 3006 288 3108 praeteritis
297 3005 435 3104 quidem
442 3003 612 3076 manifeste
619 3001 803 3104 deliquisse,
811 3003 845 3075 se
852 3005 930 3076 verb
937 3026 1029 3102 puta·
1047 2995 1050 3002 ⁴

120 3151 171 3200 ret
181 3154 220 3200 ea
229 3124 802 3226 deliCtadeincepscorre&urum,ad
813 3150 873 3195 nos
884 3123 1028 3206 acceffit,

121 3245 280 3347 professus
292 3245 325 3318 se
339 3246 381 3318 ad
389 3244 425 3317 id
434 3271 583 3346 paratum
589 3245 654 3338 esse
664 3269 700 3316 ut
711 3271 850 3346 puerum
860 3245 1030 3341 quaestioni

119 3368 272 3443 traderet.
291 3368 440 3441 Deleciis
452 3392 562 3442 autem
574 3366 812 3468 quaesitoribus,
832 3365 876 3438 ad
887 3363 1030 3441 Vulcani

175 3661 219 3755 [1.
240 3663 318 3758 22.]
338 3659 590 3765 Ιέωανορθόσιιθς,
605 3677 681 3762 vulg.
694 3661 954 3760 commodantem.
1038 3675 1041 3684 ¹
