2725 4750
190 297 814 436 ‚Daorsisonario
908 354 973 444 157

76 496 183 583 leolis,
201 501 344 577 cumhis
361 463 528 599 profectur
547 520 640 597 pater
655 522 748 569 meus
766 495 812 567 ita
833 496 866 567 se
883 494 974 594 geffit

75 618 107 688 in
117 620 254 719 praeliis,
267 644 305 693 ut
321 621 363 692 ab
373 621 572 720 imperatore
585 619 708 693 coronl
725 640 917 701 ornaretur,
936 626 974 707 bc

73 764 268 832 armaturam
287 742 450 841 integram
464 739 632 839 acciperet.
650 737 791 811 Arenim
805 737 887 837 quid
897 764 975 809 eum

77 885 165 959 agere
188 859 365 948 credideris
394 862 453 961 qui
476 861 587 935 laudes
610 862 768 933 maximas
787 864 973 933 mereatur?

77 1007 182 1053 nonne
196 1008 275 1055 cum
287 983 546 1082 prastantiffimis
561 981 686 1055 civibus
700 981 899 1055 militantem
910 981 976 1053 vir-

72 1103 147 1197 turis
165 1104 298 1202 pramia
314 1102 453 1189 referre,
471 1113 506 1176 δι
521 1104 698 1177 ducentem
713 1104 828 1175 contri
844 1106 976 1176 Graeco-

78 1247 145 1292 rum
174 1220 365 1295 fortiffimos
397 1225 575 1297 exercitum
605 1224 641 1295 in
674 1224 829 1297 omnibus
857 1226 974 1327 pugnis

74 1335 202 1416 “existere
229 1343 463 1444 superiorein?
492 1371 525 1417 at
549 1345 605 1417 ille
628 1345 768 1417 alterum
788 1344 974 1418 adolescens

74 1453 278 1563 'adeptusseffi
292 1466 430 1538 alterum
441 1475 599 1564 jamnatu
612 1465 771 1566 grandior
778 1466 930 1566 praestitit.

122 1633 194 1703 Post
208 1632 316 1733 prima
327 1632 552 1707 adolescentia
562 1618 727 1717 facinora,
743 1657 884 1706 matrem
897 1632 977 1707 nos·
1029 1664 1035 1711 ·,
1101 1696 1105 1700 -

81 1776 157 1823 tram
170 1778 309 1825 uxorem
322 1751 435 1825 duxit:
453 1780 554 1851 quarn
566 1754 655 1826 hunc
667 1753 756 1853 quasi
771 1781 897 1827 novum
911 1755 977 1843 vir·

82 1872 148 1943 turis
160 1873 333 1971 praernium
343 1873 496 1972 accepiffe
509 1874 668 1947 existimo.
685 1874 773 1946 Illius
784 1876 875 1947 enim
886 1900 978 1977 patet

81 1988 296 2091 Hipponicus‚
313 2004 348 2066 δε
362 1995 480 2094 opibus
493 1996 642 2093 princeps
654 1993 718 2065 fuit
730 1994 816 2066 inter
825 1996 978 2081 Graecos‚

77 2094 238 2214 &genere
251 2115 380 2186 nemini
397 2116 520 2189 civium
531 2113 693 2199 inferior,
706 2124 740 2187 δι
753 2115 907 2189 omnium
915 2116 979 2191 suae

77 2220 173 2308 'atatis
188 2237 333 2308 maxim&
351 2239 386 2308 in
405 2237 532 2309 honore
546 2245 581 2309 &
597 2235 816 2309 admiratione
828 2237 977 2312 habitus:
1028 2300 1035 2345 Ι.

82 2356 176 2430 filiam
189 2358 290 2458 porrb
303 2356 484 2430 elocaturus
494 2385 570 2429 curn
582 2356 661 2430 dote
673 2354 867 2459 amplissiml
877 2368 912 2433 &
923 2359 980 2432 in-

82 2478 160 2574 clyto
171 2480 330 2562 nomine,
344 2506 448 2578 quum
459 2505 576 2553 omnes
587 2503 740 2580 optarent
752 2482 879 2580 nuptias
889 2481 979 2568 illas,

84 2601 238 2702 principes
260 2599 389 2672 tantiam
410 2599 596 2684 ambirent,
619 2624 747 2699 patrem
769 2627 904 2685 meum,
924 2601 983 2673 de-

81 2721 198 2794 lestum
215 2749 256 2796 ex
276 2721 448 2805 omnibus,
468 2721 528 2793 sibi
541 2747 701 2822 generum
714 2720 892 2823 adjungere
906 2750 983 2796 con·

86 2841 213 2942 cupivit.
453 2857 456 2863 '
654 2833 657 2836 ⁴

129 2989 187 3059 Ill.
207 2985 310 3058 Circi
322 2985 439 3058 eadem
449 3010 597 3086 tempora
608 3012 712 3083 quum
724 2987 851 3073 videret
860 2987 984 3084 Olym-

88 3108 188 3206 picam
196 3109 421 3182 celebritatem
433 3108 473 3180 ab
484 3107 639 3180 omnibus
648 3109 750 3180 amari
761 3119 796 3181 &
804 3110 984 3209 praedicari,

89 3256 121 3300 ac
135 3231 181 3302 ibi
198 3233 331 3303 Graecos
349 3239 384 3302 &
402 3257 480 3329 opes
496 3229 586 3314 suas,
606 3239 642 3303 δε
658 3230 766 3313 vires,
783 3240 816 3302 &
830 3231 985 3332 ingenio-

89 3390 334 3408 *aaa

132 3469 175 3562 [1.
197 3470 250 3564 8.]
271 3490 325 3544 Pro
340 3477 428 3544 ot'vrlr
444 3484 541 3542 malim
557 3473 646 3546 αὐἾὸν
663 3501 728 3541 cum
749 3482 845 3539 Battie.

135 3567 178 3658 [l.
198 3604 210 3642 1
224 3565 275 3660 1.]
298 3569 388 3644 Metal
403 3574 530 3653 rti'vra,
548 3581 609 3662 post
620 3578 701 3644 hac,
718 3580 736 3637 i.
751 3599 775 3636 e.
789 3579 849 3658 post
863 3575 988 3638 facinora

85 3678 286 3757 adolescentiae.
449 3671 454 3681 ¹
