2725 4750
184 260 309 383 “De
355 303 545 381 BIGIS'
581 294 991 403 oun·T10.''141

85 452 230 550 mysterii
256 444 430 527 celebrate.
462 452 612 527 Ciuitate
638 454 738 554 igitur
762 437 924 529 concitati
947 455 993 527 ob

85 572 260 647 criminum
281 574 574 675 magnitudinem,
600 584 636 647 &
663 575 826 648 concione
845 575 992 671 cesetitet

87 694 369 779 convocati,'istos
382 694 450 767 tim
457 694 629 768 evidenter
637 694 889 769 mendaciorum
899 721 992 767 coat-

87 815 178 913 guit,
201 839 238 888 ut
266 815 466 889 accusatores
492 816 632 917 populus
657 816 813 911 libenter
827 815 993 917 suppliciis

88 934 251 1039 effecisset,
263 946 299 1011 &
313 936 422 1039 ipsum
434 936 554 1010 ducem
568 938 604 1009 in
615 938 760 1011 Siciliam
776 938 899 1011 ctesrit.
918 938 993 1009 Post

88 1056 153 1129 haec
174 1057 344 1157 navigavit
361 1057 418 1130 ille
439 1057 613 1156 quast'jam
632 1058 795 1131 calumnid
815 1057 991 1137 liberatus:
1064 1108 1066 1113 .

88 1180 135 1251 isti
150 1158 260 1251 eutem
273 1179 388 1253 senatu
401 1158 598 1264 sollicitato,
616 1188 652 1252 δι
667 1177 852 1253 oratoribus
864 1177 924 1250 fibi
938 1179 996 1251 ad·

90 1276 224 1396 juniiis',
245 1324 317 1372 tem
334 1323 591 1373 commoverunt
611 1287 659 1371 de*
671 1298 827 1397 integro,
850 1308 887 1371 δε
903 1298 994 1372 desa-

92 1442 172 1493 tores
183 1418 413 1494 subotnsrunt.
425 1418 642 1513 Quidmultis
652 1444 735 1519 opus
748 1422 814 1493 est?
830 1412 891 1491 nec
903 1414 995 1507 e'nim

89 1540 172 1639 prius
188 1541 408 1640 conquievere
422 1542 523 1641 qudm
537 1550 718 1641 &partem
733 1540 935 1614 revocassent
951 1538 994 1612 ab

87 1661 243 1746 exercitu,
258 1670 297 1735 &
310 1688 350 1735 ex
365 1671 434 1761 ejus
453 1648 567 1736 etnicis
579 1661 662 1734 alios
677 1660 891 1747 occidissent,
911 1660 994 1735 alios

88 1780 164 1854 urbe
175 1780 356 1881 ejecissent..
373 1786 403 1857 ss
420 1783 519 1883 igitur
533 1783 644 1884 auditi
655 1792 691 1857 δι
706 1782 921 1857 inimicorum
931 1810 995 1884 po-

88 1902 469 1986 tentii,&familiarium
476 1902 609 1977 suorum
617 1902 995 2002 calamitatibus,quam·

86 2023 133 2097 vir
149 2022 290 2123 indigne
308 2023 421 2124 secum
441 2023 493 2124 agi
514 2023 722 2108 existimans,
746 2023 837 2122 quod
857 2022 995 2123 presens

86 2141 222 2241 quidem
235 2143 272 2214 in
289 2143 451 2242 judicium
471 2171 541 2215 non
558 2142 668 2217 fuisset
680 2143 862 2229 adductus,
881 2143 996 2221 absens

85 2288 194 2337 autem
205 2262 465 2368 condemnatus,
484 2290 528 2342 ne
541 2264 583 2337 fic
594 2290 708 2339 tamen
720 2265 763 2339 ad
777 2265 883 2339 hostes
899 2266 998 2343 defe-

86 2386 150 2470 cit,
165 2385 225 2458 sed
235 2385 325 2458 tanti
333 2387 422 2461 cavit
433 2386 605 2488 diligentis
615 2414 658 2460 ne
671 2387 736 2461 ulli
746 2415 780 2461 re
791 2389 931 2489 patriam
942 2389 997 2462 vel

84 2505 119 2577 in
138 2507 241 2578 exilio
263 2505 476 2593 offenderet,
505 2532 541 2579 ut
565 2509 676 2608 Argos
701 2507 868 2608 profeetus
890 2507 997 2584 otium
1084 2527 1086 2531 '

85 2618 198 2726 egerit.
220 2627 275 2699 ssti
294 2629 372 2700 verb
390 2629 432 2699 eb
453 2626 637 2709 insolentie
651 2651 845 2720 uenerunt,
870 2609 906 2700 ut
921 2655 998 2732 per-

83 2745 244 2818 suaserint
263 2745 357 2821 vobis
378 2774 456 2820 eum
477 2746 546 2819 tots
558 2747 684 2820 Graecid
699 2747 896 2849 pellendum¹
911 2747 996 2839 esse,

85 2864 423 2966 proscribendumque
438 2866 535 2967 ipsius
551 2892 668 2968 caput,
688 2877 723 2942 &
743 2895 801 2968 per
818 2867 942 2968 legatos
954 2869 996 2944 ab

30 2971 34 2979 ’
87 2972 221 3088 Argivis
243 2989 496 3088 exposcendum.
512 2977 735 3090 Quapropter
754 2990 858 3062 animi
878 2989 997 3080 dubius

78 3221 426 3300 'desatoresimmiseiunt.
942 3303 944 3308 ,

135 3321 182 3413 [·1.
203 3321 282 3412 23.]
303 3329 419 3398 Στῆλην
431 3321 633 3416 ireypasoett,
650 3331 813 3391 columnam
828 3329 995 3406 insctibere‚

88 3438 150 3494 ise.
167 3435 197 3490 in
210 3429 342 3492 columns
354 3452 460 3490 nomen
471 3429 629 3490 inscribere.
653 3437 687 3490 1n
700 3427 831 3514 columnd
846 3425 927 3507 hujus
941 3450 997 3490 uo-

89 3530 155 3592 t'nen
176 3527 326 3592 inscribere
346 3526 473 3590 solebant
488 3524 670 3588 Athenienses
686 3523 762 3606 'cujus
782 3513 864 3610 ceput
879 3524 1000 3610 proscri-

88 3631 217 3691 bebatur.
