<?xml version="1.0" encoding="UTF-8"?>
<!DOCTYPE html PUBLIC "-//W3C//DTD XHTML 1.0 Transitional//EN"
    "http://www.w3.org/TR/xhtml1/DTD/xhtml1-transitional.dtd">
<html xmlns="http://www.w3.org/1999/xhtml" xml:lang="en" lang="en">
 <head>
  <title>
</title>
<meta http-equiv="Content-Type" content="text/html;charset=utf-8" />
  <meta name='ocr-system' content='tesseract 3.04.00' />
  <meta name='ocr-capabilities' content='ocr_page ocr_carea ocr_par ocr_line ocrx_word'/>
</head>
<body>
  <div class='ocr_page' id='page_1' title='image "./isocratisoperao00augegoog_0329.png"; bbox 0 0 2725 4750; ppageno 0'>
   <div class='ocr_carea' id='block_1_1' title="bbox 44 263 1090 3051">
    <p class='ocr_par' dir='ltr' id='par_1_1' title="bbox 44 263 1054 2081">
     <span class='ocr_line' id='line_1_1' title="bbox 226 263 990 363; baseline 0.001 -27"><span class='ocrx_word' id='word_1_1' title='bbox 226 263 824 348; x_wconf 70' lang='lat' dir='ltr'>‚AEGINETIC.A2O‚RAT10.</span> <span class='ocrx_word' id='word_1_2' title='bbox 928 288 990 363; x_wconf 81' lang='lat'><strong>305</strong></span> 
     </span>
     <span class='ocr_line' id='line_1_2' title="bbox 78 401 991 510; baseline 0.002 -34"><span class='ocrx_word' id='word_1_3' title='bbox 78 401 164 476; x_wconf 86' lang='lat' dir='ltr'><strong>tiam</strong></span> <span class='ocrx_word' id='word_1_4' title='bbox 183 406 339 492; x_wconf 85' lang='lat' dir='ltr'><strong>tuleritis,</strong></span> <span class='ocrx_word' id='word_1_5' title='bbox 355 406 440 502; x_wconf 79' lang='lat' dir='ltr'><strong>utid</strong></span> <span class='ocrx_word' id='word_1_6' title='bbox 456 407 556 506; x_wconf 76' lang='lat' dir='ltr'><strong>longe</strong></span> <span class='ocrx_word' id='word_1_7' title='bbox 567 407 733 510; x_wconf 84' lang='lat' dir='ltr'><strong>iniquiore</strong></span> <span class='ocrx_word' id='word_1_8' title='bbox 746 409 860 481; x_wconf 86' lang='lat' dir='ltr'><strong>animo</strong></span> <span class='ocrx_word' id='word_1_9' title='bbox 872 406 991 492; x_wconf 85' lang='lat' dir='ltr'><strong>ferret,</strong></span> 
     </span>
     <span class='ocr_line' id='line_1_3' title="bbox 76 524 993 630; baseline 0.007 -34"><span class='ocrx_word' id='word_1_10' title='bbox 76 524 356 600; x_wconf 84' lang='lat' dir='ltr'><strong>sr-testameutum</strong></span> <span class='ocrx_word' id='word_1_11' title='bbox 378 527 504 630; x_wconf 80' lang='lat' dir='ltr'><strong>videret</strong></span> <span class='ocrx_word' id='word_1_12' title='bbox 523 530 541 600; x_wconf 76' lang='lat' dir='ltr'><strong>d</strong></span> <span class='ocrx_word' id='word_1_13' title='bbox 558 528 628 600; x_wconf 86' lang='lat' dir='ltr'><strong>filio</strong></span> <span class='ocrx_word' id='word_1_14' title='bbox 646 529 706 600; x_wconf 90' lang='lat' dir='ltr'><strong>suo</strong></span> <span class='ocrx_word' id='word_1_15' title='bbox 722 527 848 602; x_wconf 72' lang='lat' dir='ltr'><strong>fartum</strong></span> <span class='ocrx_word' id='word_1_16' title='bbox 864 530 993 602; x_wconf 85' lang='lat' dir='ltr'><strong>irritum</strong></span> 
     </span>
     <span class='ocr_line' id='line_1_4' title="bbox 75 647 995 751; baseline 0.004 -33"><span class='ocrx_word' id='word_1_17' title='bbox 75 647 163 721; x_wconf 89' lang='lat' dir='ltr'><strong>fieri.</strong></span> <span class='ocrx_word' id='word_1_18' title='bbox 182 651 272 722; x_wconf 87' lang='lat' dir='ltr'><strong>Nam</strong></span> <span class='ocrx_word' id='word_1_19' title='bbox 283 651 308 727; x_wconf 88' lang='lat' dir='ltr'>fi</span> <span class='ocrx_word' id='word_1_20' title='bbox 320 650 562 746; x_wconf 88' lang='lat' dir='ltr'><strong>Thrasylochus</strong></span> <span class='ocrx_word' id='word_1_21' title='bbox 577 649 747 751; x_wconf 82' lang='lat' dir='ltr'><strong>facultates</strong></span> <span class='ocrx_word' id='word_1_22' title='bbox 765 651 834 723; x_wconf 88' lang='lat' dir='ltr'><strong>suas</strong></span> <span class='ocrx_word' id='word_1_23' title='bbox 849 679 932 724; x_wconf 86' lang='lat' dir='ltr'><strong>meae</strong></span> <span class='ocrx_word' id='word_1_24' title='bbox 945 650 995 742; x_wconf 49' lang='lat' dir='ltr'><strong>sa„-</strong></span> 
     </span>
     <span class='ocr_line' id='line_1_5' title="bbox 75 769 998 878; baseline 0.007 -40"><span class='ocrx_word' id='word_1_25' title='bbox 75 769 180 841; x_wconf 79' lang='lat' dir='ltr'><strong>milia</strong></span> <span class='ocrx_word' id='word_1_26' title='bbox 199 771 400 856; x_wconf 79' lang='lat' dir='ltr'><strong>tradidisset,</strong></span> <span class='ocrx_word' id='word_1_27' title='bbox 421 773 456 843; x_wconf 91' lang='lat' dir='ltr'><strong>in</strong></span> <span class='ocrx_word' id='word_1_28' title='bbox 471 799 512 844; x_wconf 86' lang='lat' dir='ltr'><strong>eo</strong></span> <span class='ocrx_word' id='word_1_29' title='bbox 529 770 667 844; x_wconf 83' lang='lat' dir='ltr'><strong>fortassis</strong></span> <span class='ocrx_word' id='word_1_30' title='bbox 682 771 791 878; x_wconf 55' lang='lat' dir='ltr'>iPsQ</span> <span class='ocrx_word' id='word_1_31' title='bbox 804 771 932 873; x_wconf 90' lang='lat' dir='ltr'><strong>possent</strong></span> <span class='ocrx_word' id='word_1_32' title='bbox 943 797 998 844; x_wconf 90' lang='lat' dir='ltr'><strong>te-.</strong></span> 
     </span>
     <span class='ocr_line' id='line_1_6' title="bbox 44 889 1026 997; baseline 0.01 -38"><span class='ocrx_word' id='word_1_33' title='bbox 44 895 46 898; x_wconf 79' lang='grc'><strong>’</strong></span> <span class='ocrx_word' id='word_1_34' title='bbox 76 890 295 987; x_wconf 84' lang='lat' dir='ltr'><strong>prehendere.</strong></span> <span class='ocrx_word' id='word_1_35' title='bbox 330 889 428 963; x_wconf 90' lang='lat' dir='ltr'><strong>Nunc</strong></span> <span class='ocrx_word' id='word_1_36' title='bbox 453 892 490 980; x_wconf 84' lang='lat' dir='ltr'><strong>in</strong></span> <span class='ocrx_word' id='word_1_37' title='bbox 515 892 608 964; x_wconf 89' lang='lat' dir='ltr'><strong>suam</strong></span> <span class='ocrx_word' id='word_1_38' title='bbox 634 891 729 992; x_wconf 89' lang='lat' dir='ltr'><strong>ipfius</strong></span> <span class='ocrx_word' id='word_1_39' title='bbox 753 892 915 965; x_wconf 85' lang='lat' dir='ltr'><strong>familiam</strong></span> <span class='ocrx_word' id='word_1_40' title='bbox 939 919 995 970; x_wconf 86' lang='lat' dir='ltr'><strong>me</strong></span> <span class='ocrx_word' id='word_1_41' title='bbox 1015 959 1026 997; x_wconf 63' lang='lat'><strong>‚⁴</strong></span> 
     </span>
     <span class='ocr_line' id='line_1_7' title="bbox 77 988 1022 1113; baseline 0.005 -33"><span class='ocrx_word' id='word_1_42' title='bbox 77 1009 255 1108; x_wconf 87' lang='lat' dir='ltr'><strong>adoptavit</strong></span> <span class='ocrx_word' id='word_1_43' title='bbox 268 1013 344 1096; x_wconf 78' lang='lat' dir='ltr'><strong>‚ital</strong></span> <span class='ocrx_word' id='word_1_44' title='bbox 365 1036 490 1084; x_wconf 88' lang='lat' dir='ltr'><strong>utnon</strong></span> <span class='ocrx_word' id='word_1_45' title='bbox 511 1013 667 1112; x_wconf 75' lang='lat' dir='ltr'><strong>pauciora</strong></span> <span class='ocrx_word' id='word_1_46' title='bbox 688 988 872 1113; x_wconf 83' lang='lat' dir='ltr'><strong>acceperint</strong></span> <span class='ocrx_word' id='word_1_47' title='bbox 894 1014 996 1112; x_wconf 67' lang='lat' dir='ltr'><strong>quim</strong></span> <span class='ocrx_word' id='word_1_48' title='bbox 1018 1010 1022 1017; x_wconf 61' lang='grc'><strong>’</strong></span> 
     </span>
     <span class='ocr_line' id='line_1_8' title="bbox 78 1122 1004 1228; baseline 0.005 -27"><span class='ocrx_word' id='word_1_49' title='bbox 78 1129 257 1204; x_wconf 89' lang='lat' dir='ltr'><strong>dederunt.</strong></span> <span class='ocrx_word' id='word_1_50' title='bbox 277 1133 299 1209; x_wconf 89' lang='lat' dir='ltr'>J</span> <span class='ocrx_word' id='word_1_51' title='bbox 300 1161 369 1216; x_wconf 88' lang='lat' dir='ltr'><strong>am,</strong></span> <span class='ocrx_word' id='word_1_52' title='bbox 388 1131 436 1204; x_wconf 90' lang='lat' dir='ltr'><strong>his</strong></span> <span class='ocrx_word' id='word_1_53' title='bbox 452 1133 592 1217; x_wconf 76' lang='lat' dir='ltr'><strong>omissis,</strong></span> <span class='ocrx_word' id='word_1_54' title='bbox 608 1122 779 1214; x_wconf 84' lang='lat' dir='ltr'><strong>neminem</strong></span> <span class='ocrx_word' id='word_1_55' title='bbox 792 1122 1004 1228; x_wconf 77' lang='lat' dir='ltr'><strong>verisimilius</strong></span> 
     </span>
     <span class='ocr_line' id='line_1_9' title="bbox 79 1243 995 1353; baseline 0.002 -30"><span class='ocrx_word' id='word_1_56' title='bbox 79 1253 129 1323; x_wconf 90' lang='lat' dir='ltr'><strong>est</strong></span> <span class='ocrx_word' id='word_1_57' title='bbox 154 1253 255 1350; x_wconf 69' lang='lat' dir='ltr'><strong>qudm</strong></span> <span class='ocrx_word' id='word_1_58' title='bbox 275 1277 402 1353; x_wconf 87' lang='lat' dir='ltr'><strong>patrem</strong></span> <span class='ocrx_word' id='word_1_59' title='bbox 423 1251 688 1350; x_wconf 82' lang='lat' dir='ltr'><strong>Thrasylochum</strong></span> <span class='ocrx_word' id='word_1_60' title='bbox 709 1252 910 1326; x_wconf 89' lang='lat' dir='ltr'><strong>benevolum</strong></span> <span class='ocrx_word' id='word_1_61' title='bbox 931 1243 995 1326; x_wconf 87' lang='lat' dir='ltr'><strong>else</strong></span> 
     </span>
     <span class='ocr_line' id='line_1_10' title="bbox 78 1371 995 1472; baseline 0.004 -29"><span class='ocrx_word' id='word_1_62' title='bbox 78 1372 122 1443; x_wconf 89' lang='lat' dir='ltr'><strong>iis</strong></span> <span class='ocrx_word' id='word_1_63' title='bbox 142 1371 257 1470; x_wconf 90' lang='lat' dir='ltr'><strong>quide</strong></span> <span class='ocrx_word' id='word_1_64' title='bbox 273 1373 456 1446; x_wconf 81' lang='lat' dir='ltr'><strong>donatione</strong></span> <span class='ocrx_word' id='word_1_65' title='bbox 474 1375 509 1446; x_wconf 92' lang='lat' dir='ltr'><strong>in</strong></span> <span class='ocrx_word' id='word_1_66' title='bbox 525 1375 649 1472; x_wconf 85' lang='lat' dir='ltr'><strong>judicio</strong></span> <span class='ocrx_word' id='word_1_67' title='bbox 666 1375 883 1447; x_wconf 79' lang='lat' dir='ltr'><strong>contendunt.</strong></span> <span class='ocrx_word' id='word_1_68' title='bbox 904 1377 995 1447; x_wconf 92' lang='lat' dir='ltr'><strong>Nam</strong></span> 
     </span>
     <span class='ocr_line' id='line_1_11' title="bbox 79 1479 995 1596; baseline 0.004 -30"><span class='ocrx_word' id='word_1_69' title='bbox 79 1494 152 1594; x_wconf 71' lang='lat' dir='ltr'><strong>ipse</strong></span> <span class='ocrx_word' id='word_1_70' title='bbox 169 1495 494 1568; x_wconf 60' lang='lat' dir='ltr'><strong>aramundarus</strong></span> <span class='ocrx_word' id='word_1_71' title='bbox 514 1493 684 1596; x_wconf 69' lang='lat' dir='ltr'><strong>haruspice</strong></span> <span class='ocrx_word' id='word_1_72' title='bbox 698 1479 995 1582; x_wconf 68' lang='lat' dir='ltr'><strong>PolemenaetQ&amp;</strong></span> 
     </span>
     <span class='ocr_line' id='line_1_12' title="bbox 79 1605 1054 1720; baseline 0.004 -34"><span class='ocrx_word' id='word_1_73' title='bbox 79 1616 236 1714; x_wconf 82' lang='lat' dir='ltr'><strong>pecunias</strong></span> <span class='ocrx_word' id='word_1_74' title='bbox 250 1617 373 1716; x_wconf 80' lang='lat' dir='ltr'><strong>accepit</strong></span> <span class='ocrx_word' id='word_1_75' title='bbox 386 1642 455 1687; x_wconf 90' lang='lat' dir='ltr'><strong>non</strong></span> <span class='ocrx_word' id='word_1_76' title='bbox 468 1624 538 1713; x_wconf 90' lang='lat' dir='ltr'><strong>jure</strong></span> <span class='ocrx_word' id='word_1_77' title='bbox 550 1617 775 1717; x_wconf 85' lang='lat' dir='ltr'><strong>cognationis,</strong></span> <span class='ocrx_word' id='word_1_78' title='bbox 794 1616 851 1690; x_wconf 85' lang='lat' dir='ltr'><strong>sed</strong></span> <span class='ocrx_word' id='word_1_79' title='bbox 865 1605 994 1720; x_wconf 72' lang='lat' dir='ltr'><strong>ratione</strong></span> <span class='ocrx_word' id='word_1_80' title='bbox 1051 1624 1054 1632; x_wconf 79' lang='grc'><strong>’</strong></span> 
     </span>
     <span class='ocr_line' id='line_1_13' title="bbox 79 1735 994 1839; baseline 0.002 -31"><span class='ocrx_word' id='word_1_81' title='bbox 79 1736 223 1809; x_wconf 89' lang='lat' dir='ltr'><strong>virtutis.</strong></span> <span class='ocrx_word' id='word_1_82' title='bbox 247 1739 360 1828; x_wconf 84' lang='lat' dir='ltr'><strong>Quare</strong></span> <span class='ocrx_word' id='word_1_83' title='bbox 374 1737 503 1810; x_wconf 88' lang='lat' dir='ltr'><strong>nemini</strong></span> <span class='ocrx_word' id='word_1_84' title='bbox 517 1735 707 1820; x_wconf 88' lang='lat' dir='ltr'><strong>invidebit,</strong></span> <span class='ocrx_word' id='word_1_85' title='bbox 729 1738 810 1836; x_wconf 87' lang='lat' dir='ltr'><strong>qui,</strong></span> <span class='ocrx_word' id='word_1_86' title='bbox 837 1738 879 1810; x_wconf 92' lang='lat' dir='ltr'><strong>de</strong></span> <span class='ocrx_word' id='word_1_87' title='bbox 898 1737 994 1839; x_wconf 76' lang='lat' dir='ltr'><strong>ipsius</strong></span> 
     </span>
     <span class='ocr_line' id='line_1_14' title="bbox 79 1841 993 1960; baseline 0.004 -32"><span class='ocrx_word' id='word_1_88' title='bbox 79 1857 195 1930; x_wconf 87' lang='lat' dir='ltr'><strong>libetis</strong></span> <span class='ocrx_word' id='word_1_89' title='bbox 213 1858 298 1931; x_wconf 74' lang='lat' dir='ltr'><strong>bend</strong></span> <span class='ocrx_word' id='word_1_90' title='bbox 316 1863 474 1943; x_wconf 87' lang='lat' dir='ltr'><strong>meritus,</strong></span> <span class='ocrx_word' id='word_1_91' title='bbox 496 1841 797 1932; x_wconf 78' lang='lat' dir='ltr'><strong>eodem-beneficio</strong></span> <span class='ocrx_word' id='word_1_92' title='bbox 813 1860 905 1960; x_wconf 93' lang='lat' dir='ltr'><strong>quod</strong></span> <span class='ocrx_word' id='word_1_93' title='bbox 924 1861 993 1960; x_wconf 82' lang='lat' dir='ltr'><strong>ipse</strong></span> 
     </span>
     <span class='ocr_line' id='line_1_15' title="bbox 79 1977 1018 2081; baseline 0.001 -29"><span class='ocrx_word' id='word_1_94' title='bbox 79 1977 220 2081; x_wconf 89' lang='lat' dir='ltr'><strong>adeptus</strong></span> <span class='ocrx_word' id='word_1_95' title='bbox 235 1979 318 2065; x_wconf 86' lang='lat' dir='ltr'><strong>suit,</strong></span> <span class='ocrx_word' id='word_1_96' title='bbox 337 1979 505 2053; x_wconf 88' lang='lat' dir='ltr'><strong>afficiatur.</strong></span> <span class='ocrx_word' id='word_1_97' title='bbox 560 2010 561 2017; x_wconf 51' lang='lat'>¹</span> <span class='ocrx_word' id='word_1_98' title='bbox 1014 1979 1018 1989; x_wconf 73' lang='grc'>’</span> 
     </span>
    </p>

    <p class='ocr_par' dir='ltr' id='par_1_2' title="bbox 78 2101 1090 3051">
     <span class='ocr_line' id='line_1_16' title="bbox 130 2101 994 2201; baseline -0.001 -27"><span class='ocrx_word' id='word_1_99' title='bbox 130 2101 315 2174; x_wconf 88' lang='lat' dir='ltr'><strong>Reminisci</strong></span> <span class='ocrx_word' id='word_1_100' title='bbox 331 2125 442 2174; x_wconf 87' lang='lat' dir='ltr'><strong>autem</strong></span> <span class='ocrx_word' id='word_1_101' title='bbox 459 2123 591 2200; x_wconf 90' lang='lat' dir='ltr'><strong>oportet</strong></span> <span class='ocrx_word' id='word_1_102' title='bbox 606 2109 641 2174; x_wconf 64' lang='grc' dir='ltr'><strong>δέ</strong></span> <span class='ocrx_word' id='word_1_103' title='bbox 652 2125 692 2172; x_wconf 90' lang='lat' dir='ltr'><strong>ea</strong></span> <span class='ocrx_word' id='word_1_104' title='bbox 701 2124 772 2199; x_wconf 80' lang='lat' dir='ltr'><strong>quae</strong></span> <span class='ocrx_word' id='word_1_105' title='bbox 784 2101 819 2171; x_wconf 88' lang='lat' dir='ltr'><strong>iu</strong></span> <span class='ocrx_word' id='word_1_106' title='bbox 831 2101 994 2201; x_wconf 89' lang='lat' dir='ltr'><strong>principio</strong></span> 
     </span>
     <span class='ocr_line' id='line_1_17' title="bbox 79 2222 995 2324; baseline 0 -28"><span class='ocrx_word' id='word_1_107' title='bbox 79 2223 173 2310; x_wconf 71' lang='lat' dir='ltr'><strong>diela</strong></span> <span class='ocrx_word' id='word_1_108' title='bbox 186 2222 270 2296; x_wconf 91' lang='lat' dir='ltr'><strong>sunt.</strong></span> <span class='ocrx_word' id='word_1_109' title='bbox 295 2223 394 2295; x_wconf 92' lang='lat' dir='ltr'><strong>lllum</strong></span> <span class='ocrx_word' id='word_1_110' title='bbox 414 2224 505 2294; x_wconf 89' lang='lat' dir='ltr'><strong>enim</strong></span> <span class='ocrx_word' id='word_1_111' title='bbox 523 2223 651 2296; x_wconf 87' lang='lat' dir='ltr'><strong>ostendi</strong></span> <span class='ocrx_word' id='word_1_112' title='bbox 664 2227 808 2296; x_wconf 85' lang='lat' dir='ltr'><strong>nostram</strong></span> <span class='ocrx_word' id='word_1_113' title='bbox 822 2225 995 2324; x_wconf 78' lang='lat' dir='ltr'><strong>neceffitu·</strong></span> 
     </span>
     <span class='ocr_line' id='line_1_18' title="bbox 79 2343 1090 2446; baseline 0.002 -29"><span class='ocrx_word' id='word_1_114' title='bbox 79 2345 200 2426; x_wconf 85' lang='lat' dir='ltr'><strong>dinem</strong></span> <span class='ocrx_word' id='word_1_115' title='bbox 217 2343 447 2431; x_wconf 82' lang='lat' dir='ltr'><strong>tantiseciffe,</strong></span> <span class='ocrx_word' id='word_1_116' title='bbox 469 2369 506 2417; x_wconf 92' lang='lat' dir='ltr'><strong>ut</strong></span> <span class='ocrx_word' id='word_1_117' title='bbox 523 2346 621 2446; x_wconf 86' lang='lat' dir='ltr'><strong>patris</strong></span> <span class='ocrx_word' id='word_1_118' title='bbox 641 2347 708 2419; x_wconf 89' lang='lat' dir='ltr'><strong>mei</strong></span> <span class='ocrx_word' id='word_1_119' title='bbox 729 2356 764 2420; x_wconf 66' lang='grc' dir='ltr'><strong>δι</strong></span> <span class='ocrx_word' id='word_1_120' title='bbox 787 2345 935 2419; x_wconf 89' lang='lat' dir='ltr'><strong>sororem</strong></span> <span class='ocrx_word' id='word_1_121' title='bbox 959 2355 995 2419; x_wconf 89' lang='lat'>&amp;</span> <span class='ocrx_word' id='word_1_122' title='bbox 1086 2382 1090 2387; x_wconf 80' lang='lat'><em>-</em></span> 
     </span>
     <span class='ocr_line' id='line_1_19' title="bbox 78 2464 1045 2567; baseline -0.002 -28"><span class='ocrx_word' id='word_1_123' title='bbox 78 2465 318 2539; x_wconf 82' lang='lat' dir='ltr'><strong>consobrinam</strong></span> <span class='ocrx_word' id='word_1_124' title='bbox 337 2464 475 2539; x_wconf 87' lang='lat' dir='ltr'><strong>duxerit.</strong></span> <span class='ocrx_word' id='word_1_125' title='bbox 505 2465 757 2567; x_wconf 82' lang='lat' dir='ltr'><strong>Quibusigitut</strong></span> <span class='ocrx_word' id='word_1_126' title='bbox 778 2464 881 2538; x_wconf 82' lang='lat' dir='ltr'><strong>filiam</strong></span> <span class='ocrx_word' id='word_1_127' title='bbox 901 2467 995 2537; x_wconf 87' lang='lat' dir='ltr'><strong>suam</strong></span> <span class='ocrx_word' id='word_1_128' title='bbox 1043 2464 1045 2469; x_wconf 43' lang='lat'><strong><em>⁴</em></strong></span> 
     </span>
     <span class='ocr_line' id='line_1_20' title="bbox 79 2584 994 2686; baseline 0 -27"><span class='ocrx_word' id='word_1_129' title='bbox 79 2585 240 2659; x_wconf 74' lang='lat' dir='ltr'><strong>libentius</strong></span> <span class='ocrx_word' id='word_1_130' title='bbox 254 2584 500 2685; x_wconf 81' lang='lat' dir='ltr'><strong>despondisset,</strong></span> <span class='ocrx_word' id='word_1_131' title='bbox 515 2586 614 2684; x_wconf 67' lang='lat' dir='ltr'><strong>quim</strong></span> <span class='ocrx_word' id='word_1_132' title='bbox 631 2586 670 2657; x_wconf 89' lang='lat' dir='ltr'><strong>iis</strong></span> <span class='ocrx_word' id='word_1_133' title='bbox 684 2586 703 2657; x_wconf 76' lang='lat' dir='ltr'><strong>d</strong></span> <span class='ocrx_word' id='word_1_134' title='bbox 718 2585 836 2684; x_wconf 89' lang='lat' dir='ltr'><strong>quibus</strong></span> <span class='ocrx_word' id='word_1_135' title='bbox 851 2586 920 2686; x_wconf 88' lang='lat' dir='ltr'><strong>ipse</strong></span> <span class='ocrx_word' id='word_1_136' title='bbox 934 2614 994 2686; x_wconf 59' lang='grc' dir='ltr'><strong>ρο»</strong></span> 
     </span>
     <span class='ocr_line' id='line_1_21' title="bbox 82 2706 994 2808; baseline 0 -27"><span class='ocrx_word' id='word_1_137' title='bbox 82 2706 244 2799; x_wconf 73' lang='lat' dir='ltr'><strong>tissimum</strong></span> <span class='ocrx_word' id='word_1_138' title='bbox 256 2734 392 2780; x_wconf 85' lang='lat' dir='ltr'><strong>uxorem</strong></span> <span class='ocrx_word' id='word_1_139' title='bbox 406 2706 550 2807; x_wconf 88' lang='lat' dir='ltr'><strong>accipere</strong></span> <span class='ocrx_word' id='word_1_140' title='bbox 567 2706 698 2779; x_wconf 89' lang='lat' dir='ltr'><strong>voluit?</strong></span> <span class='ocrx_word' id='word_1_141' title='bbox 722 2708 740 2779; x_wconf 82' lang='grc' dir='ltr'>ὲ</span> <span class='ocrx_word' id='word_1_142' title='bbox 755 2708 819 2806; x_wconf 73' lang='lat' dir='ltr'><strong>qud</strong></span> <span class='ocrx_word' id='word_1_143' title='bbox 833 2706 994 2808; x_wconf 55' lang='lat' dir='ltr'><strong>petrosa*</strong></span> 
     </span>
     <span class='ocr_line' id='line_1_22' title="bbox 78 2827 1027 2930; baseline 0.004 -30"><span class='ocrx_word' id='word_1_144' title='bbox 78 2829 176 2917; x_wconf 74' lang='lat' dir='ltr'><strong>milial</strong></span> <span class='ocrx_word' id='word_1_145' title='bbox 193 2827 353 2901; x_wconf 85' lang='lat' dir='ltr'><strong>maluisset</strong></span> <span class='ocrx_word' id='word_1_146' title='bbox 368 2828 474 2901; x_wconf 88' lang='lat' dir='ltr'><strong>filium</strong></span> <span class='ocrx_word' id='word_1_147' title='bbox 495 2827 556 2899; x_wconf 79' lang='lat' dir='ltr'><strong>fibi·</strong></span> <span class='ocrx_word' id='word_1_148' title='bbox 570 2828 763 2929; x_wconf 88' lang='lat' dir='ltr'><strong>adoptatum</strong></span> <span class='ocrx_word' id='word_1_149' title='bbox 778 2829 867 2926; x_wconf 78' lang='lat' dir='ltr'><strong>juxtd</strong></span> <span class='ocrx_word' id='word_1_150' title='bbox 880 2829 993 2930; x_wconf 69' lang='lat' dir='ltr'><strong>leges,¹</strong></span> <span class='ocrx_word' id='word_1_151' title='bbox 1023 2880 1027 2888; x_wconf 89' lang='lat'><em>·</em></span> 
     </span>
     <span class='ocr_line' id='line_1_23' title="bbox 81 2931 1014 3051; baseline -0.001 -28"><span class='ocrx_word' id='word_1_152' title='bbox 81 2951 188 3051; x_wconf 78' lang='lat' dir='ltr'><strong>qualm</strong></span> <span class='ocrx_word' id='word_1_153' title='bbox 200 2976 239 3022; x_wconf 87' lang='lat' dir='ltr'><strong>ex</strong></span> <span class='ocrx_word' id='word_1_154' title='bbox 256 2950 320 3049; x_wconf 72' lang='lat' dir='ltr'><strong>qud</strong></span> <span class='ocrx_word' id='word_1_155' title='bbox 335 2931 455 3023; x_wconf 90' lang='lat' dir='ltr'><strong>liberos</strong></span> <span class='ocrx_word' id='word_1_156' title='bbox 468 2948 528 3023; x_wconf 85' lang='lat' dir='ltr'><strong>srbi</strong></span> <span class='ocrx_word' id='word_1_157' title='bbox 539 2949 653 3021; x_wconf 76' lang='lat' dir='ltr'><strong>natural</strong></span> <span class='ocrx_word' id='word_1_158' title='bbox 667 2949 739 3021; x_wconf 88' lang='lat' dir='ltr'><strong>dari</strong></span> <span class='ocrx_word' id='word_1_159' title='bbox 752 2950 933 3049; x_wconf 86' lang='lat' dir='ltr'><strong>expetivit?</strong></span> <span class='ocrx_word' id='word_1_160' title='bbox 1011 3038 1014 3043; x_wconf 21' lang='grc' dir='ltr'>Ι</span> 
     </span>
    </p>
   </div>
   <div class='ocr_carea' id='block_1_2' title="bbox 81 3178 994 3665">
    <p class='ocr_par' dir='ltr' id='par_1_3' title="bbox 81 3178 994 3665">
     <span class='ocr_line' id='line_1_24' title="bbox 137 3178 993 3275; baseline 0.002 -21"><span class='ocrx_word' id='word_1_161' title='bbox 137 3178 180 3271; x_wconf 86' lang='lat'><strong>[1.</strong></span> <span class='ocrx_word' id='word_1_162' title='bbox 201 3180 276 3271; x_wconf 57' lang='grc' dir='ltr'><strong>κιο]</strong></span> <span class='ocrx_word' id='word_1_163' title='bbox 300 3192 403 3253; x_wconf 84' lang='lat' dir='ltr'><strong>Admifi</strong></span> <span class='ocrx_word' id='word_1_164' title='bbox 420 3182 497 3257; x_wconf 57' lang='grc' dir='ltr'><strong><em>ἥδιον</em></strong></span> <span class='ocrx_word' id='word_1_165' title='bbox 511 3194 588 3275; x_wconf 88' lang='lat' dir='ltr'><strong>quod</strong></span> <span class='ocrx_word' id='word_1_166' title='bbox 605 3192 707 3253; x_wconf 88' lang='lat' dir='ltr'><strong>obtulit</strong></span> <span class='ocrx_word' id='word_1_167' title='bbox 719 3198 756 3252; x_wconf 89' lang='lat' dir='ltr'><strong>D.</strong></span> <span class='ocrx_word' id='word_1_168' title='bbox 770 3189 926 3253; x_wconf 84' lang='lat' dir='ltr'><strong>Valkenaet</strong></span> <span class='ocrx_word' id='word_1_169' title='bbox 940 3215 993 3275; x_wconf 83' lang='lat' dir='ltr'><strong>pro</strong></span> 
     </span>
     <span class='ocr_line' id='line_1_25' title="bbox 82 3288 990 3377; baseline -0.009 -21"><span class='ocrx_word' id='word_1_170' title='bbox 82 3288 160 3357; x_wconf 73' lang='lat' dir='ltr'><strong>i&#39;dtov</strong></span> <span class='ocrx_word' id='word_1_171' title='bbox 179 3291 257 3373; x_wconf 87' lang='lat' dir='ltr'><strong>quod</strong></span> <span class='ocrx_word' id='word_1_172' title='bbox 275 3291 359 3375; x_wconf 84' lang='lat' dir='ltr'><strong>habet</strong></span> <span class='ocrx_word' id='word_1_173' title='bbox 377 3293 455 3377; x_wconf 83' lang='lat' dir='ltr'><strong>vulg.</strong></span> <span class='ocrx_word' id='word_1_174' title='bbox 473 3292 553 3352; x_wconf 89' lang='lat' dir='ltr'><strong>nullo</strong></span> <span class='ocrx_word' id='word_1_175' title='bbox 568 3288 657 3351; x_wconf 88' lang='lat' dir='ltr'><strong>sensu.</strong></span> <span class='ocrx_word' id='word_1_176' title='bbox 679 3294 756 3349; x_wconf 85' lang='lat' dir='ltr'><strong>Nam</strong></span> <span class='ocrx_word' id='word_1_177' title='bbox 772 3293 833 3369; x_wconf 89' lang='lat' dir='ltr'><strong>quis</strong></span> <span class='ocrx_word' id='word_1_178' title='bbox 846 3310 990 3370; x_wconf 85' lang='lat' dir='ltr'><strong>uuquam,</strong></span> 
     </span>
     <span class='ocr_line' id='line_1_26' title="bbox 82 3380 991 3468; baseline -0.008 -16"><span class='ocrx_word' id='word_1_179' title='bbox 82 3395 124 3452; x_wconf 88' lang='lat' dir='ltr'><strong>ait</strong></span> <span class='ocrx_word' id='word_1_180' title='bbox 134 3392 201 3463; x_wconf 85' lang='lat' dir='ltr'><strong>ille,</strong></span> <span class='ocrx_word' id='word_1_181' title='bbox 214 3388 329 3463; x_wconf 89' lang='lat' dir='ltr'><strong>dixerit,</strong></span> <span class='ocrx_word' id='word_1_182' title='bbox 344 3384 416 3451; x_wconf 76' lang='lat' dir='ltr'><strong>i&#39;dtav</strong></span> <span class='ocrx_word' id='word_1_183' title='bbox 429 3384 486 3452; x_wconf 74' lang='grc' dir='ltr'><strong>ὑιόν</strong></span> <span class='ocrx_word' id='word_1_184' title='bbox 500 3380 695 3458; x_wconf 63' lang='lat' dir='ltr'><strong>deottndsvla</strong></span> <span class='ocrx_word' id='word_1_185' title='bbox 704 3382 862 3448; x_wconf 69' lang='lat' dir='ltr'><strong>t-Cetert‘tm</strong></span> <span class='ocrx_word' id='word_1_186' title='bbox 874 3399 991 3468; x_wconf 69' lang='lat' dir='ltr'><strong>compa:</strong></span> 
     </span>
     <span class='ocr_line' id='line_1_27' title="bbox 81 3479 994 3571; baseline -0.003 -23"><span class='ocrx_word' id='word_1_187' title='bbox 81 3490 192 3548; x_wconf 86' lang='lat' dir='ltr'><strong>rativus</strong></span> <span class='ocrx_word' id='word_1_188' title='bbox 221 3508 284 3547; x_wconf 90' lang='lat' dir='ltr'><strong>cum</strong></span> <span class='ocrx_word' id='word_1_189' title='bbox 304 3479 425 3565; x_wconf 71' lang='grc' dir='ltr'>μᾶλλον</span> <span class='ocrx_word' id='word_1_190' title='bbox 451 3486 626 3571; x_wconf 84' lang='lat' dir='ltr'><strong>pleonasmus</strong></span> <span class='ocrx_word' id='word_1_191' title='bbox 650 3488 688 3545; x_wconf 84' lang='lat' dir='ltr'><strong>est</strong></span> <span class='ocrx_word' id='word_1_192' title='bbox 708 3484 821 3545; x_wconf 73' lang='lat' dir='ltr'><strong>usitatus</strong></span> <span class='ocrx_word' id='word_1_193' title='bbox 846 3494 874 3545; x_wconf 85' lang='lat'>&amp;</span> <span class='ocrx_word' id='word_1_194' title='bbox 897 3486 994 3545; x_wconf 79' lang='lat' dir='ltr'><strong>multis</strong></span> 
     </span>
     <span class='ocr_line' id='line_1_28' title="bbox 83 3583 425 3665; baseline -0.006 -20"><span class='ocrx_word' id='word_1_195' title='bbox 83 3586 220 3665; x_wconf 85' lang='lat' dir='ltr'><strong>exemplis</strong></span> <span class='ocrx_word' id='word_1_196' title='bbox 236 3583 425 3645; x_wconf 83' lang='lat' dir='ltr'><strong>confirmatus.</strong></span> 
     </span>
    </p>
   </div>
   <div class='ocr_carea' id='block_1_3' title="bbox 191 3642 932 3761">
    <p class='ocr_par' dir='ltr' id='par_1_4' title="bbox 191 3642 932 3761">
     <span class='ocr_line' id='line_1_29' title="bbox 191 3642 932 3761; baseline -0.001 0"><span class='ocrx_word' id='word_1_197' title='bbox 191 3692 379 3761; x_wconf 84' lang='lat' dir='ltr'><strong>Tomelll.</strong></span> <span class='ocrx_word' id='word_1_198' title='bbox 508 3681 510 3689; x_wconf 45' lang='lat'><strong>¹</strong></span> <span class='ocrx_word' id='word_1_199' title='bbox 732 3642 872 3761; x_wconf 25' lang='lat' dir='ltr'><strong>..V</strong></span> <span class='ocrx_word' id='word_1_200' title='bbox 929 3680 932 3685; x_wconf 33' lang='lat'>¹</span> 
     </span>
    </p>
   </div>
   <div class='ocr_carea' id='block_1_4' title="bbox 0 0 1370 4750">
    <p class='ocr_par' dir='ltr' id='par_1_5' title="bbox 0 0 1370 4750">
     <span class='ocr_line' id='line_1_30' title="bbox 0 0 1370 4750; baseline 0 0"><span class='ocrx_word' id='word_1_201' title='bbox 0 0 1370 4750; x_wconf 95' lang='lat' dir='ltr'><strong> </strong></span> 
     </span>
    </p>
   </div>
  </div>
 </body>
</html>
