2725 4750
253 343 736 454 nrArnrcuA.
915 297 973 451 23

36 492 136 564 'dum
153 491 213 580 iit,
232 490 407 580 sedetiam
427 519 502 578 cum
521 518 691 582 oratorum
704 490 972 609 ptaestanriffirnis

42 641 140 713 quos
152 641 192 688 ex
205 617 321 700 nostris
334 609 444 690 bonis
442 631 598 716 patronos
610 615 669 689 fibi
685 615 968 702 conciliaverunt,

37 736 229 827 neceffitas
226 737 419 838 postulatur
431 763 502 809 rem
516 736 673 837 prolixius
682 738 889 838 explicemus.
962 837 967 842 ι

96 855 250 930 Difficile
268 859 406 958 quidem
428 861 473 931 est
493 870 562 930 non
581 859 715 932 minora
732 859 840 933 dicere
859 858 962 959 quim

42 1005 122 1077 quae
137 981 276 1081 perpeffi
290 980 409 1053 sumus.
430 982 512 1072 Quae
525 979 616 1052 enim
627 980 734 1070 orario
747 982 863 1054 nostris
873 979 961 1053 cala-
982 1055 985 1061 ,

42 1100 222 1173 mitatibus
236 1103 356 1202 aequati
372 1101 494 1205 poffit?
512 1124 568 1204 aut
581 1101 654 1199 quis
668 1127 726 1201 pat
739 1101 777 1173 sit
790 1102 830 1174 iis
847 1101 961 1174 crimi-
1018 1196 1022 1202 .

44 1220 171 1294 nandis
192 1224 294 1321 quad
305 1221 477 1295 Thebanis
496 1222 531 1293 in
549 1249 610 1294 nos
628 1223 741 1322 inique
754 1225 843 1324 gesta
861 1227 957 1297 sunt?

44 1341 167 1444 Opera
182 1343 421 1428 tamendanda
438 1345 501 1438 est,
521 1368 558 1416 ut
574 1372 785 1451 quocumque
805 1347 960 1447 poffimus

44 1464 178 1598 modo,
198 1466 333 1537 istorum
350 1465 610 1564 iniquitatem&
628 1465 821 1538 violentiam
837 1467 964 1568 patefa-

47 1586 187 1658 ciamus
199 1583 400 1658 llludautem
410 1612 551 1657 maxime
537 1584 784 1684 indignamur,
792 1587 883 1684 quod
891 1615 963 1662 non

45 1700 162 1778 solum
180 1706 279 1806 longe
292 1705 454 1777 deteriore
465 1705 658 1777 conditione
669 1705 779 1799 sumus
791 1707 891 1805 quarn
905 1734 963 1781 ce-

48 1850 113 1898 terr
103 1827 249 1922 Graecr
260 1825 317 1899 sed
328 1823 436 1924 quod
446 1854 524 1926 pace
535 1826 707 1898 constituta
716 1824 962 1928 foedenbusque

46 1941 207 2028 sancitis,
226 1942 311 2014 adeb
325 1942 512 2015 communis
526 1941 684 2015 libertatis
699 1969 768 2014 non
783 1942 898 2017 sumus-
904 1970 963 2015 ex-

47 2054 185 2164 perses,
204 2086 241 2136 ut
259 2089 302 2136 ne
319 2062 525 2162 moderatam
542 2061 678 2163 quidem
694 2061 963 2168 servitutempu-

49 2184 212 2257 ruerimns
227 2180 412 2282 impetrare.

88 2303 279 2375 Oramus
272 2305 369 2404 Agitur
387 2329 467 2388 vos,
489 2301 553 2377 virt
542 2247 814 2391 Athenienses,
832 2328 870 2378 ut
885 2331 964 2381 cum
1025 2317 1029 2322 ’

50 2424 289 2497 benevolentra
298 2424 514 2497 verbanostra
523 2423 870 2526 audiatis,cog1tantes
879 2426 964 2503 nihil

51 2548 155 2620 nobis
172 2544 260 2645 poffe
279 2546 534 2645 acciderequod
552 2545 571 2617 i
590 2546 717 2619 ratione
735 2549 906 2651 tantopere
925 2538 964 2620 sit

53 2662 239 2752 absonum,
251 2668 483 2766 qu'im‚quum
495 2667 666 2740 Thebanis
674 2666 689 2751 ,’
703 2668 843 2743 civitatis
855 2651 964 2743 vestra,

53 2789 220 2888 perpetuis
232 2775 393 2871 inimicis,
408 2786 594 2861 libertatern
608 2787 830 2872 restitueritis,
846 2815 908 2862 nos
918 2814 964 2863 ne

55 2910 274 3010 supplicantes
295 2904 434 3008 quidem
447 2936 486 2983 ea
502 2907 592 3009 poffe
611 2909 757 3037 adipisci
764 2938 880 3014 quae
852 2910 965 2985 inirtu
991 2954 996 2961 ·

56 3029 173 3113 eiffimi
185 3030 448 3103 obtinuerunt.

254 3221 421 3319 Transttus
437 3224 483 3291 ad
498 3222 777 3313 confirmationem.

105 3386 160 3460 Ac
169 3386 362 3489 expofitioni
369 3384 646 3489 rerumgestarum
658 3386 828 3461 immorari
836 3389 967 3492 longius

110 3640 156 3734 [l.
175 3642 231 3739 r.]
252 3646 343 3747 A’Ahei
351 3648 379 3727 d.
390 3654 460 3765 ηός
472 3700 481 3723 ·
494 3700 504 3723 ο
516 3700 525 3723 .
539 3699 548 3722 .
560 3658 615 3741 huc
625 3651 696 3744 ,πρὸς
706 3660 779 3727 abest
789 3642 938 3748 {vulgath
