2725 4750
204 359 535 438 *AEGINETICA
559 359 782 436 ORATlO.
890 365 957 452 287

55 507 194 583 insulam
205 511 357 584 omnium
372 508 560 583 tutillimam
580 506 644 582 effe
666 509 869 609 putabamus.
893 507 960 583 Illis

56 631 147 702 anxii
162 629 198 703 se
209 628 419 732 gerentibus,
437 657 474 702 ac
484 654 527 701 ne
538 629 652 700 omnia
661 627 827 729 periissent
837 629 961 700 timen-

58 750 162 834 tibus,
180 777 244 850 ego
257 754 360 821 noctu
374 747 552 821 conscendi
568 749 759 848 navigium,
777 757 812 822 &
827 747 962 822 illorum

56 872 206 971 pecunias
217 871 388 971 exportari
397 898 474 944 cum
484 869 558 943 vitae
571 895 652 942 meae
662 869 816 970 periculo.
829 871 868 946 In
878 869 964 968 agris

58 992 146 1064 enirn
170 1016 265 1066 erant
283 989 426 1091 praelidia
441 987 618 1092 dispositu,
643 998 679 1062 δι
696 988 812 1061 urbem
825 990 965 1087 quidam

60 1115 245 1188 nostrorum
258 1111 390 1186 exulum
403 1110 599 1211 occupltant
611 1139 629 1207 3·
641 1111 700 1208 qui
712 1137 780 1185 uno
791 1109 846 1182 die
858 1121 893 1184 &
907 1137 965 1209 pa·
1114 1121 1119 1128 '

61 1259 141 1306 trem
151 1229 966 1333 meum,&patruum&affinem,perscelusintet-

60 1355 218 1442 fecerunt.
241 1356 305 1429 Me
320 1330 431 1427 tamen
448 1352 533 1425 nihil
555 1354 676 1425 horum
698 1353 839 1435 avertit,
860 1377 966 1452 quum

62 1475 249 1578 persuasum
258 1474 416 1548 haberem
426 1474 511 1546 mihi
518 1501 589 1546 non
602 1473 712 1546 minlrs
721 1500 783 1576 pro
793 1473 856 1547 illis
864 1473 965 1572 quim

62 1623 119 1700 pro
130 1597 260 1700 meipso
270 1596 414 1698 ,pericula
428 1595 491 1689 effe
501 1594 679 1670 subeunda.

112 2025 189 2097 Post
201 2024 295 2111 haee‚'
314 2023 391 2126 fugi
406 2024 502 2099 nobis
518 2053 557 2100 ex
571 2028 652 2101 urbe
668 2027 770 2115 fasti,
787 2053 880 2102 tanto
892 2058 968 2105 cum

70 2143 209 2218 tumultu
226 2154 262 2218 &
283 2145 522 2248 trepidatione,
544 2173 580 2221 ut
596 2150 756 2254 nonnulli
776 2151 850 2224 suos
868 2153 971 2226 etiarn

70 2267 295 2367 negligerent,
312 2271 420 2342 necin
434 2271 483 2344 his
499 2257 592 2344 malis
606 2271 680 2345 satis
693 2273 792 2347 habui
803 2277 970 2375 proximos
1009 2322 1013 2331 ·

72 2412 159 2460 meos
182 2390 408 2487 conservalse3
431 2391 488 2464 sed
512 2394 590 2491 quia
608 2390 751 2467 sciebam
778 2395 972 2495 Sopolidem

72 2508 196 2597 abelle,
220 2522 255 2587 &
278 2514 385 2615 ipsum
408 2514 670 2611 Thrasylochum
693 2540 877 2615 aegrotare,
906 2518 970 2590 untl

73 2658 145 2709 cum
155 2634 777 2737 illo&mutrem‚&sorotem,&opes
787 2637 970 2723 universas,

74 2755 182 2828 extuli.
203 2759 316 2849 Quem
329 2756 428 2856 igitur
440 2783 493 2828 eas
509 2757 629 2855 aequius
653 2756 851 2843 esthabere,
870 2760 972 2858 qutltn

76 2876 130 2971 qui
152 2886 188 2949 &
209 2894 287 2949 tunc
302 2857 531 2963 conservavit,
553 2885 588 2949 &
608 2884 697 2951 nunc
718 2862 760 2966 ab
775 2878 813 2953 iis
831 2906 974 2979 quorum

46 3012 48 3017 '
77 2994 135 3067 ill-cc
149 2994 283 3070 fuerunt
296 2997 443 3097 accepit?

130 3429 179 3494 2⁰.
205 3424 245 3493 Et
259 3422 326 3497 haec
339 3422 381 3495 de
395 3421 434 3495 iis
448 3421 650 3523 temporibus
661 3420 750 3495 diua
764 3421 846 3507 srnt,
861 3362 979 3519 quibus

83 3543 223 3639 pericula
237 3544 374 3643 quidem
389 3542 478 3629 adii,
501 3555 537 3619 δε
551 3546 634 3619 nihil
653 3546 733 3619 mali
754 3543 899 3643 pertuli:
922 3540 981 3616 secl

85 3671 117 3739 &
140 3690 178 3737 ea
202 3664 349 3765 proferre
365 3664 493 3767 polium
520 3692 578 3767 per
596 3692 690 3767 quae,
716 3665 799 3738 dum
817 3664 866 3738 illi
884 3662 983 3743 obsu-
