2725 4750
163 351 893 440 ‘EXCEPT.ADV.CALL1MACHUM.
929 375 995 459 '263

61 489 238 578 dicuniur
248 505 419 605 judicatis3
433 506 523 582 iuius
537 508 618 582 veto
632 508 812 585 testimonii
823 507 997 582 falsitatem

62 621 203 717 judices
219 626 387 702 viderunt.
405 629 448 700 Et
467 627 537 702 haec
552 653 655 728 quum
670 630 874 730 peccaverit,
888 628 997 703 dicere

65 745 258 822 conabitur
270 775 332 822 nos
346 748 500 826 mentiriz
519 749 556 822 in
569 775 638 848 quo
652 749 790 850 perinde
805 747 905 823 faciet
921 776 958 822 ac
973 749 997 823 sr

64 865 120 936 cui
150 867 380 964 Phrynondas
403 868 581 946 versutiam
606 879 642 944 &
664 869 997 969 fraudesobjiceret3

66 1009 125 1058 aut
146 987 353 1090 Philetgns,
375 989 434 1090 qui
448 987 599 1064 Medusae
614 1014 711 1090 caput
731 988 906 1092 surripuit,
924 990 997 1066 aliis

65 1107 293 1206 exprobraret
317 1109 533 1212 sacrilegium.
563 1115 678 1205 Quem
697 1113 777 1186 vero
798 1137 908 1186 rerum
926 1138 998 1190 non

65 1221 245 1300 laetarum
261 1229 378 1302 testem
394 1228 573 1304 subornare
586 1229 794 1320 verifimilius
808 1233 875 1317 est,
896 1232 999 1332 quim

67 1343 170 1419 illum
186 1349 249 1448 qui
272 1347 341 1454 ipse
357 1337 419 1452 pro
440 1349 512 1424 aliis
532 1350 631 1426 audet
645 1351 767 1426 falsum
783 1351 892 1426 dicere
907 1353 998 1426 testi·

68 1470 241 1544 monium
253 1476 266 1545 ?

70 1615 252 1714 Deseipfit
265 1619 415 1720 loquitur
426 1644 519 1700 reus,
541 1615 646 1714 &fita
662 1622 699 1692 in
714 1623 877 1693 civitatem
890 1645 1003 1694 narrat

478 1746 606 1814 metita.
819 1821 823 1835 ,

121 1881 194 1954 Sed
220 1881 467 1959 Callimachum
491 1882 612 1986 saepiire
634 1883 748 1956 licebit
766 1884 914 1957 accusate
934 1885 1000 1981 (sie

75 2001 171 2076 enim
195 2001 273 2086 yitae
296 2000 359 2076 suar
382 2005 548 2078 rationem
570 2002 753 2098 instituit)r
775 2003 867 2102 quod
884 2004 927 2076 ad
941 2031 997 2078 me

76 2122 224 2207 attinet,
247 2145 354 2196 cetera
372 2121 511 2220 quidem
532 2124 648 2196 omnia
669 2133 808 2197 munera
831 2122 925 2198 mina
944 2120 998 2201 ft·

75 2243 190 2338 ciam3
208 2251 277 2342 ejus
294 2244 393 2328 veto,
408 2241 450 2318 de
463 2269 531 2344 quo
543 2245 629 2318 mihi
639 2272 709 2316 non
721 2244 828 2318 solium
840 2253 910 2343 jure
921 2271 997 2345 gra-

78 2365 161 2439 tiam
179 2365 366 2453 habebitis,
391 2363 452 2440 sed·
464 2392 532 2465 quo
549 2365 647 2441 etiarn
670 2367 848 2440 testimonii
864 2365 940 2439 loco
953 2365 997 2441 de

79 2486 148 2558 toti
158 2513 195 2559 re
204 2486 327 2587 po'ssitis
342 2486 410 2572 uti,
425 2484 543 2559 faciam
556 2486 774 2566 mentionem,
791 2487 881 2562 Nam
891 2511 996 2587 quum

79 2610 191 2679 nostra
211 2606 348 2692 civitas,
369 2604 462 2693 classe
481 2606 517 2677 in
539 2606 760 2705 Hellesponto
779 2605 895 2681 amissi
906 2660 918 2692 ,
938 2605 996 2683 sui

80 2729 233 2825 potentii
254 2726 391 2829 spoliata
410 2725 510 2812 esset,
527 2728 572 2799 iti
591 2727 722 2828 praestiti
739 2727 904 2828 plerisque
916 2729 997 2803 trie·
1112 2818 1115 2826 1

82 2848 229 2945 ratchis,
253 2873 290 2923 ut
311 2874 423 2922 meam
448 2874 569 2922 navem
592 2855 669 2921 'cum
692 2848 801 2949 paucis
820 2848 995 2937 conservi·
1115 2871 1117 2874 ’

82 2970 167 3073 tirn3
185 2992 286 3069 atque
308 2968 393 3043 inter
406 2969 467 3041 hos
484 2996 604 3069 paucos
616 2968 681 3040 hoc
694 2966 795 3041 habui
809 2968 992 3069 peotliare,

83 3092 173 3189 quod
195 3075 259 3191 ego
272 3088 380 3175 solus,
401 3084 659 3190 perduoii'nave
681 3089 716 3161 in
739 3090 902 3175 Piraeum,
922 3116 993 3162 non
1032 3183 1035 3188 Ι
1075 3168 1079 3174 ,

82 3211 263 3293 destiterim
284 3210 303 3284 l
322 3211 528 3298 trierarchil,
547 3210 631 3295 sed,
656 3236 762 3309 quum
785 3209 841 3281 alii
863 3208 996 3310 publico

84 3318 220 3407 numera
242 3332 358 3433 cupidi
378 3357 592 3418 excuterent,
618 3342 653 3406 δι
674 3332 718 3405 de
743 3330 891 3432 pr'aesenti
913 3335 994 3443 statu

87 3597 151 3659 gata
165 3578 250 3639 habet
263 3572 297 3643 τδ
312 3573 476 3663 Γοργὸνιον,
495 3580 539 3639 cui
554 3576 659 3659 praetuli
674 3569 828 3663 Γοργόνειον
847 3577 924 3658 quod
939 3576 993 3638 lto·

88 3674 152 3736 lien:
165 3677 229 3739 cod.
243 3684 277 3743 M
289 3686 317 3739 &
328 3676 425 3739 Suidrs
437 3679 503 3737 loco
515 3696 583 3736 mox
595 3675 693 3735 citato.

757 3775 849 3848 Riv
