2725 4750
97 365 99 369 ·
187 354 257 431 or
270 356 874 439 rruuurrrrourornrro.
926 387 988 459 η,

76 499 186 587 uiant,
199 504 314 577 nescio
323 506 405 605 quid
413 506 455 581 de
465 491 512 581 eis
524 510 660 582 statuere
671 508 823 583 debeam.
836 510 992 606 Namque
1043 532 1048 545 ‘

78 623 219 695 arbitror
231 624 355 725 finguia
366 654 438 725 quae
453 628 585 728 cogito,
603 627 731 704 sidera
743 628 885 713 fuerint,
900 656 992 726 aqua

78 752 112 815 &
129 746 316 817 commoda
333 746 403 821 visa
415 746 516 844 -sore3
536 773 570 821 at
589 749 612 822 fi
631 774 719 821 nunc
742 748 857 821 omnia
876 746 992 848 profe-

78 865 215 950 rantur,
242 894 400 967 magnam
421 869 506 941 mihi
527 868 740 954 molestiam,
766 872 991 970 magnumque

80 985 283 1062 auditoribus
303 990 459 1077 radium,
477 990 622 1064 allatura.
646 991 760 1089 Atque
776 990 860 1063 adeb
877 1016 994 1064 vereor

81 1132 119 1179 ne
136 1107 267 1207 prolixa
283 1112 384 1188 etiam
398 1111 603 1213 superiorum
615 1112 893 1185 commemoratio
902 1110 993 1185 fasti-

82 1230 170 1302 dium
189 1234 366 1332 pepererit.
395 1235 526 1307 Omnes
546 1234 639 1307 enim
658 1233 794 1307 dicendi
814 1233 993 1334 cupiditate

84 1375 229 1427 tenemur
240 1356 310 1427 rdm
321 1354 517 1441 insatiabili,
535 1379 572 1428 ut
579 1355 750 1429 laudemus
759 1356 993 1456 opportunita-

84 1493 170 1558 tem,
199 1475 474 1575 necquidquam
501 1475 649 1549 dicamus
672 1476 736 1549 esse
764 1475 1012 1576 praestabilius:¹

86 1620 182 1691 quum
199 1598 282 1671 verb
299 1597 426 1697 aliquid
439 1598 592 1674 videmur
609 1600 730 1672 habere
748 1598 842 1698 quod
854 1599 992 1699 eloqua-

86 1741 178 1801 mur,
200 1718 358 1819 negledbo
379 1720 507 1805 modo,
530 1720 695 1821 prioribus
718 1719 847 1822 semper
866 1718 993 1823 aliquid

87 1834 270 1934 adjiciendo
279 1841 455 1941 paulatim,
469 1842 504 1913 in
516 1860 699 1915 extremam
712 1841 849 1915 demirm
862 1843 994 1943 impor-

88 1957 265 2032 tunitatem-
283 1961 477 2035 incidamus.
507 1962 679 2061 Siquidem
703 1970 739 2034 δε
761 1989 824 2062 ego
844 1963 902 2061 qui
927 1963 994 2037 haec

90 2077 158 2151 dico
175 2109 213 2154 ac
231 2081 364 2169 sentio.
388 2103 492 2183 pauca
514 2084 623 2158 adhuc
645 2083 820 2159 vobiscum
842 2082 993 2159 disserere

89 2200 192 2275 velim.
575 2284 579 2291 ¹
692 2304 694 2308 .

24 2298 29 2316 ⁵
132 2323 292 2426 Indignor
303 2323 395 2400 enim
408 2354 512 2427 quum
526 2326 626 2401 video
640 2312 842 2402 calumniam
854 2325 993 2402 meliore

90 2443 146 2528 esse
155 2448 351 2537 conditione
360 2450 463 2549 qudm
474 2449 688 2550 sapientiam3
703 2447 843 2523 &illam
854 2447 993 2548 quidem

91 2568 255 2656 accusare,
280 2569 366 2644 hanc
388 2573 468 2645 verb
488 2569 618 2644 causam
641 2570 761 2644 dicere.
790 2569 897 2662 Quod
919 2567 993 2667 quis
1059 2591 1063 2598 '

86 2703 230 2763 'veterum
259 2690 324 2764 ¹fuit
352 2690 411 2790 qui
436 2689 583 2762 futurum
608 2689 671 2763 esse
700 2689 873 2775 crederet,
905 2687 992 2789 apud

91 2835 144 2882 ror
155 2811 332 2912 praesertim
346 2814 405 2911 qui
418 2812 463 2885 ob
475 2812 670 2913 sapientiam
680 2839 746 2914 prae
757 2813 871 2887 ceteris
882 2812 993 2884 omni-

92 2929 145 3003 bus
154 2933 366 3032 gloriamini?
383 2934 486 3038 Apud
500 2943 641 3033 majores
653 2936 741 3008 certe
755 2961 825 3008 non
839 2931 884 3007 itai
897 2933 930 3006 se
942 2959 992 3007 res
1039 2927 1041 2934 ’

95 3051 212 3128 habuit:
225 3055 285 3131 sed
296 3083 353 3129 eos
363 3055 646 3158 magnifaciebanr
659 3057 718 3156 qui
728 3057 888 3156 sapientes
899 3055 991 3130 dice-

95 3170 221 3262 bantur,
242 3204 426 3276 eorumque
446 3176 624 3278 discipulos
643 3175 758 3250 beatos
778 3173 991 3274 judicabant3

95 3293 334 3374 calumniatores
344 3299 690 3389 autemexistimabant
700 3298 764 3374 esse
773 3299 993 3401 plurimorum

139 3566 180 3658 [l.
208 3575 286 3665 21.]
312 3569 379 3655 'rsit¹
393 3585 563 3666 καλεμίνκς
582 3574 719 3666 reposuit.
746 3583 817 3647 Vide
836 3577 915 3666 suprb
929 3601 989 3675 qua

99 3675 206 3747 diximus
219 3685 414 3771 desopbistis,
429 3706 494 3769 pag.
513 3707 529 3745 2
545 3692 573 3747 &
590 3703 619 3759 3.
