2725 4750
214 372 305 459 ou
345 371 831 449 Blc1sronAT10..
916 386 978 467 163

86 516 179 592 tiones
188 520 354 620 perspicue
367 519 462 593 vobis
473 518 708 605 ostenderunt,
722 520 781 619 qui
792 519 981 621 populares,

86 640 136 738 qui
147 640 350 741 oligarchici,
366 642 425 740 qui
436 642 583 713 neutrius
593 621 692 714 statiis
700 666 909 743 appetentes,
924 640 983 739 qui

87 760 240 859 utriusque
266 762 379 863 cupidi
403 759 536 835 suerint.
568 764 608 833 ln
628 763 747 859 quibus
767 762 984 837 seditionibus

88 877 130 951 bis
142 879 160 949 l
173 883 281 955 vestris
294 884 438 957 inimicis
449 882 557 985 pulsus
572 886 628 955 est.
642 884 694 955 Ac
711 884 983 983 primoquidem,

87 996 169 1074 simul
182 1026 279 1101 atque
290 1030 367 1075 eum
383 1002 618 1088 removissent,
637 1004 754 1105 populi
776 1006 985 1077 autoritatem

88 1120 313 1219 dissolverunt3
347 1124 505 1224 posterilts
532 1127 640 1209 veto,
666 1120 774 1209 statim
791 1128 867 1225 post
891 1124 986 1197 vestrl

88 1243 340 1341 oppressionem,
355 1246 480 1347 primus
494 1244 562 1345 ipse
576 1244 640 1317 suit
653 1258 756 1345 quem
769 1245 868 1319 exilio
882 1246 987 1317 mulc-

89 1364 192 1437 tlrint:
214 1366 317 1467 usque
339 1367 423 1441 adeo
444 1376 480 1439 &
500 1367 614 1439 civitas
634 1370 734 1469 patris
749 1367 816 1439 mei
832 1365 987 1471 felicitato

90 1483 263 1580 fruebatur,
280 1497 316 1560 &
332 1487 388 1560 ille
407 1487 633 1559 calamitatum
646 1486 786 1559 civitatis
799 1486 899 1559 fiebat
911 1513 987 1587 par·

90 1607 187 1707 ticeps.
215 1608 377 1681 Attamen
400 1610 498 1681 multi
518 1609 642 1682 civium
660 1611 692 1683 ei
718 1608 835 1683 infensi
856 1608 988 1681 fuerunt

90 1751 234 1827 tanquam
249 1757 390 1830 regnum
404 1728 572 1802 essessanti
587 1758 598 1825 3
618 1757 689 1801 non
702 1729 796 1829 hujus
810 1728 904 1803 saslis
918 1756 989 1803 rem

89 1847 307 1948 suspicientes,
326 1850 384 1923 sed
402 1850 622 1923 existimantes
637 1849 710 1921 tiun
726 1850 912 1949 supremam
925 1879 989 1950 po-

89 1970 223 2043 testatem
247 1971 356 2071 expeti
386 1971 426 2043 ab
450 1970 631 2055 omnibus,
662 1970 734 2043 ttim
756 1970 847 2042 illam
881 1970 988 2071 ipsum

88 2093 218 2164 maxime
231 2092 323 2192 posse
340 2092 486 2195 adipisci.
512 2094 592 2185 Quo
614 2101 777 2192 majorem
798 2093 829 2163 ei
850 2094 988 2191 gratiam

89 2215 195 2285 merito
213 2214 399 2299 haberetis,
421 2214 533 2313 quod,
557 2242 661 2311 quum
678 2213 764 2285 solus
787 2214 911 2286 civium
934 2215 989 2288 di-

88 2360 161 2434 gnus
171 2320 337 2410 viderentr
350 2337 384 2408 in
396 2362 498 2435 quem
510 2362 549 2408 ea
565 2333 704 2435 suspitio
717 2334 870 2420 caderet,
888 2336 922 2406 in
940 2360 989 2407 re·
1097 2337 1099 2345 ’

89 2455 205 2552 Ριὼὶίςᾶ
216 2482 329 2530 tamen
342 2459 412 2558 pari
426 2467 460 2530 δε
473 2482 568 2567 aequo
580 2465 649 2554 jure
662 2485 739 2530 cum
753 2458 866 2529 ceteris
879 2458 989 2530 vivere

87 2577 229 2651 voluerit.
250 2574 253 2578 ⁵
409 2577 413 2584 ’

128 2941 213 3014 Tilm
233 2945 334 3042 porro
350 2942 457 3026 multa
477 2942 552 3014 sunt
570 2957 642 3041 qu'ae
659 2967 720 3042 pro
736 2967 826 3042 patre
840 2955 925 3018 meo
938 2946 991 3018 di·

89 3089 154 3135 cam
167 3089 204 3142 ut
218 3065 370 3144 dubitem
383 3075 473 3160 cujus
487 3092 576 3138 nunc
594 3067 772 3139 conveniat
783 3069 992 3142 mentionem

90 3181 206 3271 facere,
224 3195 262 3260 &
272 3211 343 3285 quar
352 3213 392 3258 ex
404 3189 443 3258 iis
456 3189 702 3287 preoemrittere
716 3211 877 3286 oporteat.
899 3189 993 3264 Mihi

89 3309 172 3380 enim
184 3309 314 3410 semper
329 3309 459 3388 videtur
477 3310 514 3382 id
529 3311 623 3408 quod
635 3307 791 3382 noudltm
804 3310 929 3384 dissum
944 3315 990 3385 est

90 3439 187 3528 majus
200 3429 265 3503 esse
280 3433 344 3504 illis
357 3459 429 3530 quae
443 3442 510 3531 jam
521 3433 609 3532 apud
622 3460 681 3506 vos
695 3433 784 3506 dista
797 3432 881 3506 suut.
899 3436 936 3516 N
937 3461 993 3508 am

91 3559 122 3622 &
139 3551 202 3626 hoc
216 3582 352 3654 quoque
362 3557 495 3629 nemini
507 3555 647 3629 dubium
659 3554 723 3629 esse
736 3546 897 3642 arbitror,
909 3555 992 3655 quia

90 3695 161 3746 eun
188 3673 314 3776 nepesse
328 3675 377 3770 ⁸stt
403 3676 553 3756 secundis
574 3674 669 3758 rebus
688 3676 994 3761 civitatismaxmt

771 3799 799 3868 L
826 3796 848 3892 i}
