<?xml version="1.0" encoding="UTF-8"?>
<!DOCTYPE html PUBLIC "-//W3C//DTD XHTML 1.0 Transitional//EN"
    "http://www.w3.org/TR/xhtml1/DTD/xhtml1-transitional.dtd">
<html xmlns="http://www.w3.org/1999/xhtml" xml:lang="en" lang="en">
 <head>
  <title>
</title>
<meta http-equiv="Content-Type" content="text/html;charset=utf-8" />
  <meta name='ocr-system' content='tesseract 3.04.00' />
  <meta name='ocr-capabilities' content='ocr_page ocr_carea ocr_par ocr_line ocrx_word'/>
</head>
<body>
  <div class='ocr_page' id='page_1' title='image "./isocratisoperao00augegoog_0163.png"; bbox 0 0 2725 4750; ppageno 0'>
   <div class='ocr_carea' id='block_1_1' title="bbox 66 341 1047 1794">
    <p class='ocr_par' dir='ltr' id='par_1_1' title="bbox 66 341 1047 1794">
     <span class='ocr_line' id='line_1_1' title="bbox 179 341 959 453; baseline -0.001 -35"><span class='ocrx_word' id='word_1_1' title='bbox 179 341 277 453; x_wconf 16' lang='lat' dir='ltr'>“DE</span> <span class='ocrx_word' id='word_1_2' title='bbox 324 346 504 420; x_wconf 83' lang='lat' dir='ltr'>BIGIS</span> <span class='ocrx_word' id='word_1_3' title='bbox 550 341 830 443; x_wconf 73' lang='lat' dir='ltr'>ORATIO.</span> <span class='ocrx_word' id='word_1_4' title='bbox 896 364 959 439; x_wconf 78' lang='lat'>145</span> 
     </span>
     <span class='ocr_line' id='line_1_2' title="bbox 66 488 966 592; baseline 0.004 -31"><span class='ocrx_word' id='word_1_5' title='bbox 66 488 218 588; x_wconf 72' lang='lat' dir='ltr'>inquilino</span> <span class='ocrx_word' id='word_1_6' title='bbox 231 491 354 567; x_wconf 73' lang='lat' dir='ltr'>diutim</span> <span class='ocrx_word' id='word_1_7' title='bbox 373 492 569 578; x_wconf 74' lang='lat' dir='ltr'>haberetur,</span> <span class='ocrx_word' id='word_1_8' title='bbox 591 500 627 565; x_wconf 93' lang='lat'>&amp;</span> <span class='ocrx_word' id='word_1_9' title='bbox 646 516 682 563; x_wconf 89' lang='lat' dir='ltr'>ut</span> <span class='ocrx_word' id='word_1_10' title='bbox 700 493 736 563; x_wconf 88' lang='lat' dir='ltr'>in</span> <span class='ocrx_word' id='word_1_11' title='bbox 760 492 899 592; x_wconf 84' lang='lat' dir='ltr'>patriam</span> <span class='ocrx_word' id='word_1_12' title='bbox 915 517 966 565; x_wconf 84' lang='lat' dir='ltr'>re-</span> 
     </span>
     <span class='ocr_line' id='line_1_3' title="bbox 67 597 965 713; baseline 0.002 -30"><span class='ocrx_word' id='word_1_13' title='bbox 67 608 164 683; x_wconf 85' lang='lat' dir='ltr'>versus</span> <span class='ocrx_word' id='word_1_14' title='bbox 172 597 286 713; x_wconf 78' lang='lat' dir='ltr'>poeuas</span> <span class='ocrx_word' id='word_1_15' title='bbox 296 612 338 686; x_wconf 85' lang='lat' dir='ltr'>de</span> <span class='ocrx_word' id='word_1_16' title='bbox 347 612 387 683; x_wconf 81' lang='lat' dir='ltr'>iis</span> <span class='ocrx_word' id='word_1_17' title='bbox 398 611 540 685; x_wconf 83' lang='lat' dir='ltr'>sumeret</span> <span class='ocrx_word' id='word_1_18' title='bbox 551 612 609 711; x_wconf 90' lang='lat' dir='ltr'>qui</span> <span class='ocrx_word' id='word_1_19' title='bbox 620 612 654 685; x_wconf 85' lang='lat' dir='ltr'>se</span> <span class='ocrx_word' id='word_1_20' title='bbox 662 611 837 708; x_wconf 82' lang='lat' dir='ltr'>ejecissent.</span> <span class='ocrx_word' id='word_1_21' title='bbox 851 614 965 703; x_wconf 90' lang='lat' dir='ltr'>Quam</span> 
     </span>
     <span class='ocr_line' id='line_1_4' title="bbox 66 733 965 833; baseline -0.001 -29"><span class='ocrx_word' id='word_1_22' title='bbox 66 733 221 807; x_wconf 82' lang='lat' dir='ltr'>civitatem</span> <span class='ocrx_word' id='word_1_23' title='bbox 232 790 243 821; x_wconf 86' lang='lat'><strong>,</strong></span> <span class='ocrx_word' id='word_1_24' title='bbox 256 760 359 832; x_wconf 86' lang='lat' dir='ltr'>quem</span> <span class='ocrx_word' id='word_1_25' title='bbox 375 735 542 818; x_wconf 81' lang='lat' dir='ltr'>amicum,</span> <span class='ocrx_word' id='word_1_26' title='bbox 563 761 665 831; x_wconf 87' lang='lat' dir='ltr'>quem</span> <span class='ocrx_word' id='word_1_27' title='bbox 677 733 867 833; x_wconf 84' lang='lat' dir='ltr'>hospitem,</span> <span class='ocrx_word' id='word_1_28' title='bbox 894 758 965 803; x_wconf 87' lang='lat' dir='ltr'>non</span> 
     </span>
     <span class='ocr_line' id='line_1_5' title="bbox 67 852 966 955; baseline 0.001 -30"><span class='ocrx_word' id='word_1_29' title='bbox 67 852 182 937; x_wconf 84' lang='lat' dir='ltr'>adistis,</span> <span class='ocrx_word' id='word_1_30' title='bbox 197 858 358 955; x_wconf 80' lang='lat' dir='ltr'>precaturi</span> <span class='ocrx_word' id='word_1_31' title='bbox 373 877 409 926; x_wconf 92' lang='lat' dir='ltr'>ut</span> <span class='ocrx_word' id='word_1_32' title='bbox 423 852 518 927; x_wconf 84' lang='lat' dir='ltr'>vobis</span> <span class='ocrx_word' id='word_1_33' title='bbox 531 852 726 951; x_wconf 85' lang='lat' dir='ltr'>adjumento</span> <span class='ocrx_word' id='word_1_34' title='bbox 739 852 841 925; x_wconf 85' lang='lat' dir='ltr'>essent</span> <span class='ocrx_word' id='word_1_35' title='bbox 855 852 898 925; x_wconf 91' lang='lat' dir='ltr'>ad</span> <span class='ocrx_word' id='word_1_36' title='bbox 908 880 966 953; x_wconf 86' lang='lat' dir='ltr'>pa·</span> 
     </span>
     <span class='ocr_line' id='line_1_6' title="bbox 69 962 1032 1075; baseline -0.001 -29"><span class='ocrx_word' id='word_1_37' title='bbox 69 974 154 1047; x_wconf 82' lang='lat' dir='ltr'>triam</span> <span class='ocrx_word' id='word_1_38' title='bbox 167 970 449 1075; x_wconf 75' lang='lat' dir='ltr'>recuperandam?</span> <span class='ocrx_word' id='word_1_39' title='bbox 472 972 566 1066; x_wconf 85' lang='lat' dir='ltr'><strong>Quid</strong></span> <span class='ocrx_word' id='word_1_40' title='bbox 582 974 600 1045; x_wconf 73' lang='lat' dir='ltr'>a</span> <span class='ocrx_word' id='word_1_41' title='bbox 616 966 711 1047; x_wconf 84' lang='lat' dir='ltr'>vobis</span> <span class='ocrx_word' id='word_1_42' title='bbox 724 966 878 1047; x_wconf 82' lang='lat' dir='ltr'>omissum</span> <span class='ocrx_word' id='word_1_43' title='bbox 894 966 964 1046; x_wconf 81' lang='lat' dir='ltr'>est?</span> <span class='ocrx_word' id='word_1_44' title='bbox 1029 962 1032 969; x_wconf 46' lang='grc'><strong>“</strong></span> 
     </span>
     <span class='ocr_line' id='line_1_7' title="bbox 68 1094 1047 1195; baseline 0.004 -32"><span class='ocrx_word' id='word_1_45' title='bbox 68 1120 168 1166; x_wconf 87' lang='lat' dir='ltr'>nonne</span> <span class='ocrx_word' id='word_1_46' title='bbox 187 1119 349 1195; x_wconf 83' lang='lat' dir='ltr'>occupato</span> <span class='ocrx_word' id='word_1_47' title='bbox 371 1096 500 1178; x_wconf 80' lang='lat' dir='ltr'>Pitaeo,</span> <span class='ocrx_word' id='word_1_48' title='bbox 528 1105 564 1167; x_wconf 91' lang='lat'>&amp;</span> <span class='ocrx_word' id='word_1_49' title='bbox 590 1094 714 1195; x_wconf 79' lang='lat' dir='ltr'>segetes</span> <span class='ocrx_word' id='word_1_50' title='bbox 739 1094 904 1178; x_wconf 83' lang='lat' dir='ltr'>vastastis,</span> <span class='ocrx_word' id='word_1_51' title='bbox 929 1095 965 1167; x_wconf 89' lang='lat'>&amp;</span> <span class='ocrx_word' id='word_1_52' title='bbox 1034 1106 1047 1119; x_wconf 87' lang='grc'><strong>“</strong></span> 
     </span>
     <span class='ocr_line' id='line_1_8' title="bbox 69 1210 965 1315; baseline 0.002 -30"><span class='ocrx_word' id='word_1_53' title='bbox 69 1241 149 1313; x_wconf 85' lang='lat' dir='ltr'>agros</span> <span class='ocrx_word' id='word_1_54' title='bbox 168 1214 320 1315; x_wconf 85' lang='lat' dir='ltr'>populati</span> <span class='ocrx_word' id='word_1_55' title='bbox 340 1215 434 1299; x_wconf 84' lang='lat' dir='ltr'>estis,</span> <span class='ocrx_word' id='word_1_56' title='bbox 457 1217 492 1287; x_wconf 89' lang='lat'>&amp;</span> <span class='ocrx_word' id='word_1_57' title='bbox 518 1210 673 1286; x_wconf 87' lang='lat' dir='ltr'>suburbia</span> <span class='ocrx_word' id='word_1_58' title='bbox 693 1214 906 1298; x_wconf 82' lang='lat' dir='ltr'>intendistis,</span> <span class='ocrx_word' id='word_1_59' title='bbox 929 1222 965 1287; x_wconf 69' lang='grc' dir='ltr'><strong><em>δί</em></strong></span> 
     </span>
     <span class='ocr_line' id='line_1_9' title="bbox 69 1334 966 1435; baseline 0 -29"><span class='ocrx_word' id='word_1_60' title='bbox 69 1356 164 1406; x_wconf 86' lang='lat' dir='ltr'>muros</span> <span class='ocrx_word' id='word_1_61' title='bbox 178 1334 324 1433; x_wconf 86' lang='lat' dir='ltr'>denique</span> <span class='ocrx_word' id='word_1_62' title='bbox 336 1334 570 1435; x_wconf 83' lang='lat' dir='ltr'>oppugnastis?</span> <span class='ocrx_word' id='word_1_63' title='bbox 596 1337 674 1407; x_wconf 88' lang='lat' dir='ltr'>Haec</span> <span class='ocrx_word' id='word_1_64' title='bbox 686 1334 966 1431; x_wconf 65' lang='lat' dir='ltr'>autem&#39;itdvehe·</span> 
     </span>
     <span class='ocr_line' id='line_1_10' title="bbox 70 1450 964 1538; baseline 0.001 -14"><span class='ocrx_word' id='word_1_65' title='bbox 70 1475 182 1525; x_wconf 85' lang='lat' dir='ltr'>menter</span> <span class='ocrx_word' id='word_1_66' title='bbox 197 1452 349 1528; x_wconf 84' lang='lat' dir='ltr'>facienda</span> <span class='ocrx_word' id='word_1_67' title='bbox 362 1451 425 1525; x_wconf 79' lang='lat' dir='ltr'>esse</span> <span class='ocrx_word' id='word_1_68' title='bbox 438 1452 626 1538; x_wconf 81' lang='lat' dir='ltr'>censuistis,</span> <span class='ocrx_word' id='word_1_69' title='bbox 649 1478 684 1525; x_wconf 88' lang='lat' dir='ltr'>ut</span> <span class='ocrx_word' id='word_1_70' title='bbox 705 1454 743 1525; x_wconf 91' lang='lat' dir='ltr'>iis</span> <span class='ocrx_word' id='word_1_71' title='bbox 763 1450 851 1525; x_wconf 83' lang='lat' dir='ltr'>exilii</span> <span class='ocrx_word' id='word_1_72' title='bbox 867 1452 964 1525; x_wconf 87' lang='lat' dir='ltr'>sociis</span> 
     </span>
     <span class='ocr_line' id='line_1_11' title="bbox 70 1567 998 1675; baseline 0.003 -32"><span class='ocrx_word' id='word_1_73' title='bbox 70 1572 116 1670; x_wconf 88' lang='lat' dir='ltr'>qui</span> <span class='ocrx_word' id='word_1_74' title='bbox 126 1598 295 1645; x_wconf 87' lang='lat' dir='ltr'>manerent</span> <span class='ocrx_word' id='word_1_75' title='bbox 304 1573 408 1673; x_wconf 89' lang='lat' dir='ltr'>quieti</span> <span class='ocrx_word' id='word_1_76' title='bbox 418 1572 523 1673; x_wconf 86' lang='lat' dir='ltr'>magis</span> <span class='ocrx_word' id='word_1_77' title='bbox 534 1567 889 1675; x_wconf 76' lang='lat' dir='ltr'>irasceremini‚qudm</span> <span class='ocrx_word' id='word_1_78' title='bbox 901 1572 967 1645; x_wconf 82' lang='lat' dir='ltr'>illis</span> <span class='ocrx_word' id='word_1_79' title='bbox 990 1598 998 1625; x_wconf 63' lang='lat' dir='ltr'>r</span> 
     </span>
     <span class='ocr_line' id='line_1_12' title="bbox 70 1692 730 1794; baseline 0.005 -30"><span class='ocrx_word' id='word_1_80' title='bbox 70 1694 131 1794; x_wconf 84' lang='lat' dir='ltr'>ipsu</span> <span class='ocrx_word' id='word_1_81' title='bbox 143 1695 197 1794; x_wconf 91' lang='lat' dir='ltr'>qui</span> <span class='ocrx_word' id='word_1_82' title='bbox 207 1695 433 1767; x_wconf 79' lang='lat' dir='ltr'>calamitatum</span> <span class='ocrx_word' id='word_1_83' title='bbox 443 1719 572 1767; x_wconf 81' lang='lat' dir='ltr'>autores</span> <span class='ocrx_word' id='word_1_84' title='bbox 586 1692 730 1791; x_wconf 83' lang='lat' dir='ltr'>suerunt.</span> 
     </span>
    </p>
   </div>
   <div class='ocr_carea' id='block_1_2' title="bbox 70 1930 993 3374">
    <p class='ocr_par' dir='ltr' id='par_1_2' title="bbox 70 1930 993 3374">
     <span class='ocr_line' id='line_1_13' title="bbox 109 1930 965 2038; baseline 0.005 -29"><span class='ocrx_word' id='word_1_85' title='bbox 109 1938 213 2029; x_wconf 85' lang='lat' dir='ltr'>Quare</span> <span class='ocrx_word' id='word_1_86' title='bbox 237 1958 308 2009; x_wconf 86' lang='lat' dir='ltr'>non</span> <span class='ocrx_word' id='word_1_87' title='bbox 329 1957 460 2038; x_wconf 68' lang='lat' dir='ltr'>equum</span> <span class='ocrx_word' id='word_1_88' title='bbox 481 1932 526 2010; x_wconf 85' lang='lat' dir='ltr'>est</span> <span class='ocrx_word' id='word_1_89' title='bbox 547 1964 604 2010; x_wconf 90' lang='lat' dir='ltr'>eos</span> <span class='ocrx_word' id='word_1_90' title='bbox 622 1930 752 2038; x_wconf 83' lang='lat' dir='ltr'>culpare</span> <span class='ocrx_word' id='word_1_91' title='bbox 769 1934 828 2037; x_wconf 92' lang='lat' dir='ltr'>qui</span> <span class='ocrx_word' id='word_1_92' title='bbox 847 1938 965 2013; x_wconf 81' lang='lat' dir='ltr'>eadem</span> 
     </span>
     <span class='ocr_line' id='line_1_14' title="bbox 70 2038 967 2161; baseline 0.003 -30"><span class='ocrx_word' id='word_1_93' title='bbox 70 2086 129 2160; x_wconf 81' lang='lat' dir='ltr'>qua</span> <span class='ocrx_word' id='word_1_94' title='bbox 142 2088 198 2132; x_wconf 83' lang='lat' dir='ltr'>vos</span> <span class='ocrx_word' id='word_1_95' title='bbox 213 2060 499 2161; x_wconf 77' lang='lat' dir='ltr'>concupiverunt3</span> <span class='ocrx_word' id='word_1_96' title='bbox 520 2038 581 2131; x_wconf 85' lang='lat' dir='ltr'>nec</span> <span class='ocrx_word' id='word_1_97' title='bbox 598 2059 770 2161; x_wconf 87' lang='lat' dir='ltr'>improbos</span> <span class='ocrx_word' id='word_1_98' title='bbox 786 2062 967 2134; x_wconf 87' lang='lat' dir='ltr'>existimare</span> 
     </span>
     <span class='ocr_line' id='line_1_15' title="bbox 70 2168 969 2280; baseline -0.001 -27"><span class='ocrx_word' id='word_1_99' title='bbox 70 2190 121 2253; x_wconf 71' lang='lat' dir='ltr'>eus¹</span> <span class='ocrx_word' id='word_1_100' title='bbox 131 2183 184 2280; x_wconf 90' lang='lat' dir='ltr'>qui</span> <span class='ocrx_word' id='word_1_101' title='bbox 197 2182 328 2255; x_wconf 87' lang='lat' dir='ltr'>exulare</span> <span class='ocrx_word' id='word_1_102' title='bbox 342 2182 447 2254; x_wconf 69' lang='lat' dir='ltr'>coacti</span> <span class='ocrx_word' id='word_1_103' title='bbox 460 2168 581 2255; x_wconf 81' lang='lat' dir='ltr'>reverti</span> <span class='ocrx_word' id='word_1_104' title='bbox 593 2180 808 2267; x_wconf 83' lang='lat' dir='ltr'>studuerunt,</span> <span class='ocrx_word' id='word_1_105' title='bbox 832 2180 890 2254; x_wconf 86' lang='lat' dir='ltr'>sed</span> <span class='ocrx_word' id='word_1_106' title='bbox 910 2204 969 2253; x_wconf 82' lang='lat' dir='ltr'>eos</span> 
     </span>
     <span class='ocr_line' id='line_1_16' title="bbox 72 2290 966 2406; baseline 0 -30"><span class='ocrx_word' id='word_1_107' title='bbox 72 2304 161 2376; x_wconf 70' lang='lat' dir='ltr'>multo</span> <span class='ocrx_word' id='word_1_108' title='bbox 172 2305 277 2406; x_wconf 81' lang='lat' dir='ltr'>magis</span> <span class='ocrx_word' id='word_1_109' title='bbox 290 2304 350 2404; x_wconf 90' lang='lat' dir='ltr'>qui</span> <span class='ocrx_word' id='word_1_110' title='bbox 360 2302 455 2376; x_wconf 84' lang='lat' dir='ltr'>domi</span> <span class='ocrx_word' id='word_1_111' title='bbox 470 2290 646 2376; x_wconf 77' lang='lat' dir='ltr'>manenter</span> <span class='ocrx_word' id='word_1_112' title='bbox 658 2300 765 2373; x_wconf 84' lang='lat' dir='ltr'>exilio·</span> <span class='ocrx_word' id='word_1_113' title='bbox 774 2302 875 2405; x_wconf 87' lang='lat' dir='ltr'>digna</span> <span class='ocrx_word' id='word_1_114' title='bbox 889 2329 966 2405; x_wconf 88' lang='lat' dir='ltr'>per-</span> 
     </span>
     <span class='ocr_line' id='line_1_17' title="bbox 72 2415 967 2526; baseline 0.002 -30"><span class='ocrx_word' id='word_1_115' title='bbox 72 2425 218 2524; x_wconf 71' lang='lat' dir='ltr'>pendrunt</span> <span class='ocrx_word' id='word_1_116' title='bbox 230 2455 250 2523; x_wconf 54' lang='lat' dir='ltr'>3v</span> <span class='ocrx_word' id='word_1_117' title='bbox 262 2453 325 2498; x_wconf 84' lang='lat' dir='ltr'>nec</span> <span class='ocrx_word' id='word_1_118' title='bbox 343 2415 420 2498; x_wconf 63' lang='lat' dir='ltr'>inde</span> <span class='ocrx_word' id='word_1_119' title='bbox 435 2424 568 2500; x_wconf 78' lang='lat' dir='ltr'>‘exorsos</span> <span class='ocrx_word' id='word_1_120' title='bbox 585 2424 731 2523; x_wconf 86' lang='lat' dir='ltr'>judicare</span> <span class='ocrx_word' id='word_1_121' title='bbox 750 2424 857 2524; x_wconf 86' lang='lat' dir='ltr'>qualis</span> <span class='ocrx_word' id='word_1_122' title='bbox 876 2420 967 2526; x_wconf 82' lang='lat' dir='ltr'>pater</span> 
     </span>
     <span class='ocr_line' id='line_1_18' title="bbox 72 2545 966 2647; baseline 0.001 -30"><span class='ocrx_word' id='word_1_123' title='bbox 72 2549 238 2622; x_wconf 80' lang='lat' dir='ltr'>meurcivis</span> <span class='ocrx_word' id='word_1_124' title='bbox 252 2545 373 2640; x_wconf 84' lang='lat' dir='ltr'>fuerit,</span> <span class='ocrx_word' id='word_1_125' title='bbox 395 2546 531 2647; x_wconf 88' lang='lat' dir='ltr'>quando</span> <span class='ocrx_word' id='word_1_126' title='bbox 550 2545 641 2618; x_wconf 85' lang='lat' dir='ltr'>nulla</span> <span class='ocrx_word' id='word_1_127' title='bbox 660 2545 720 2644; x_wconf 77' lang='lat' dir='ltr'>ipsi</span> <span class='ocrx_word' id='word_1_128' title='bbox 737 2573 814 2620; x_wconf 85' lang='lat' dir='ltr'>eum</span> <span class='ocrx_word' id='word_1_129' title='bbox 834 2547 966 2620; x_wconf 85' lang='lat' dir='ltr'>civitate</span> 
     </span>
     <span class='ocr_line' id='line_1_19' title="bbox 71 2664 964 2769; baseline 0.004 -33"><span class='ocrx_word' id='word_1_130' title='bbox 71 2664 215 2769; x_wconf 77' lang='lat' dir='ltr'>interesset</span> <span class='ocrx_word' id='word_1_131' title='bbox 227 2666 450 2763; x_wconf 78' lang='lat' dir='ltr'>necessitud03</span> <span class='ocrx_word' id='word_1_132' title='bbox 470 2665 528 2739; x_wconf 91' lang='lat' dir='ltr'>sed</span> <span class='ocrx_word' id='word_1_133' title='bbox 542 2666 639 2754; x_wconf 77' lang='lat' dir='ltr'>abeo</span> <span class='ocrx_word' id='word_1_134' title='bbox 652 2667 964 2766; x_wconf 82' lang='lat' dir='ltr'>tempoteconfide-</span> 
     </span>
     <span class='ocr_line' id='line_1_20' title="bbox 71 2769 965 2892; baseline 0.008 -35"><span class='ocrx_word' id='word_1_135' title='bbox 71 2814 129 2862; x_wconf 87' lang='lat' dir='ltr'>rare</span> <span class='ocrx_word' id='word_1_136' title='bbox 140 2792 270 2890; x_wconf 82' lang='lat' dir='ltr'>qualem</span> <span class='ocrx_word' id='word_1_137' title='bbox 285 2791 318 2864; x_wconf 88' lang='lat' dir='ltr'>se</span> <span class='ocrx_word' id='word_1_138' title='bbox 335 2791 509 2892; x_wconf 82' lang='lat' dir='ltr'>praebuerit</span> <span class='ocrx_word' id='word_1_139' title='bbox 523 2769 599 2890; x_wconf 37' lang='lat' dir='ltr'>etigd</span> <span class='ocrx_word' id='word_1_140' title='bbox 611 2789 771 2890; x_wconf 79' lang='lat' dir='ltr'>populum</span> <span class='ocrx_word' id='word_1_141' title='bbox 785 2815 965 2890; x_wconf 85' lang='lat' dir='ltr'>antequam</span> 
     </span>
     <span class='ocr_line' id='line_1_21' title="bbox 71 2892 963 3012; baseline 0.006 -32"><span class='ocrx_word' id='word_1_142' title='bbox 71 2908 241 2984; x_wconf 80' lang='lat' dir='ltr'>inexilium</span> <span class='ocrx_word' id='word_1_143' title='bbox 256 2918 421 3012; x_wconf 80' lang='lat' dir='ltr'>ageretur.¹</span> <span class='ocrx_word' id='word_1_144' title='bbox 437 2892 701 2996; x_wconf 81' lang='lat' dir='ltr'>Recordamini,</span> <span class='ocrx_word' id='word_1_145' title='bbox 723 2911 817 2984; x_wconf 89' lang='lat' dir='ltr'>verbi</span> <span class='ocrx_word' id='word_1_146' title='bbox 837 2914 963 3012; x_wconf 72' lang='lat' dir='ltr'>gratid,</span> 
     </span>
     <span class='ocr_line' id='line_1_22' title="bbox 71 3030 964 3132; baseline 0.004 -30"><span class='ocrx_word' id='word_1_147' title='bbox 71 3031 226 3126; x_wconf 87' lang='lat' dir='ltr'>quomodo</span> <span class='ocrx_word' id='word_1_148' title='bbox 245 3032 337 3132; x_wconf 86' lang='lat' dir='ltr'>ipse,</span> <span class='ocrx_word' id='word_1_149' title='bbox 356 3058 460 3130; x_wconf 88' lang='lat' dir='ltr'>quum</span> <span class='ocrx_word' id='word_1_150' title='bbox 478 3031 636 3104; x_wconf 78' lang='lat' dir='ltr'>ducentos</span> <span class='ocrx_word' id='word_1_151' title='bbox 652 3030 809 3106; x_wconf 81' lang='lat' dir='ltr'>duntaxat</span> <span class='ocrx_word' id='word_1_152' title='bbox 821 3057 964 3106; x_wconf 85' lang='lat' dir='ltr'>armatos</span> 
     </span>
     <span class='ocr_line' id='line_1_23' title="bbox 72 3149 963 3252; baseline 0.004 -30"><span class='ocrx_word' id='word_1_153' title='bbox 72 3149 203 3239; x_wconf 85' lang='lat' dir='ltr'>haberet,</span> <span class='ocrx_word' id='word_1_154' title='bbox 216 3155 376 3227; x_wconf 82' lang='lat' dir='ltr'>maximas</span> <span class='ocrx_word' id='word_1_155' title='bbox 389 3149 610 3252; x_wconf 78' lang='lat' dir='ltr'>Peloponnesi</span> <span class='ocrx_word' id='word_1_156' title='bbox 615 3151 762 3225; x_wconf 88' lang='lat' dir='ltr'>civitates</span> <span class='ocrx_word' id='word_1_157' title='bbox 775 3151 793 3224; x_wconf 75' lang='grc' dir='ltr'>ὲ</span> <span class='ocrx_word' id='word_1_158' title='bbox 808 3151 963 3226; x_wconf 84' lang='lat' dir='ltr'>societate</span> 
     </span>
     <span class='ocr_line' id='line_1_24' title="bbox 71 3271 993 3374; baseline 0.004 -32"><span class='ocrx_word' id='word_1_159' title='bbox 71 3271 380 3348; x_wconf 66' lang='lat' dir='ltr'>Lacedaemoniorum</span> <span class='ocrx_word' id='word_1_160' title='bbox 404 3273 600 3358; x_wconf 86' lang='lat' dir='ltr'>abduxerit,</span> <span class='ocrx_word' id='word_1_161' title='bbox 625 3271 834 3374; x_wconf 68' lang='lat' dir='ltr'>vestrumque</span> <span class='ocrx_word' id='word_1_162' title='bbox 860 3273 962 3348; x_wconf 82' lang='lat' dir='ltr'>socias</span> <span class='ocrx_word' id='word_1_163' title='bbox 991 3275 993 3280; x_wconf 76' lang='grc'><strong>’</strong></span> 
     </span>
    </p>
   </div>
   <div class='ocr_carea' id='block_1_3' title="bbox 71 3545 959 3744">
    <p class='ocr_par' dir='ltr' id='par_1_3' title="bbox 71 3545 959 3744">
     <span class='ocr_line' id='line_1_25' title="bbox 112 3545 959 3648; baseline 0.019 -28"><span class='ocrx_word' id='word_1_164' title='bbox 112 3545 151 3636; x_wconf 82' lang='lat' dir='ltr'>[l.</span> <span class='ocrx_word' id='word_1_165' title='bbox 169 3552 244 3644; x_wconf 67' lang='lat' dir='ltr'>aa]</span> <span class='ocrx_word' id='word_1_166' title='bbox 265 3552 323 3628; x_wconf 65' lang='lat' dir='ltr'>Kdt</span> <span class='ocrx_word' id='word_1_167' title='bbox 341 3555 388 3627; x_wconf 70' lang='lat' dir='ltr'>dra</span> <span class='ocrx_word' id='word_1_168' title='bbox 407 3565 509 3648; x_wconf 78' lang='lat' dir='ltr'>pendet</span> <span class='ocrx_word' id='word_1_169' title='bbox 526 3562 543 3626; x_wconf 76' lang='grc'><strong>1</strong></span> <span class='ocrx_word' id='word_1_170' title='bbox 560 3559 701 3641; x_wconf 65' lang='lat' dir='ltr'>meda,</span> <span class='ocrx_word' id='word_1_171' title='bbox 721 3561 788 3628; x_wconf 77' lang='lat' dir='ltr'>deut</span> <span class='ocrx_word' id='word_1_172' title='bbox 804 3574 833 3629; x_wconf 70' lang='grc' dir='ltr'>δι</span> <span class='ocrx_word' id='word_1_173' title='bbox 848 3559 887 3636; x_wconf 83' lang='lat' dir='ltr'>r’rt</span> <span class='ocrx_word' id='word_1_174' title='bbox 899 3554 959 3636; x_wconf 68' lang='lat' dir='ltr'>dut</span> 
     </span>
     <span class='ocr_line' id='line_1_26' title="bbox 71 3655 682 3744; baseline 0.021 -28"><span class='ocrx_word' id='word_1_175' title='bbox 71 3655 141 3729; x_wconf 65' lang='lat' dir='ltr'>&amp;tia</span> <span class='ocrx_word' id='word_1_176' title='bbox 153 3683 210 3742; x_wconf 83' lang='lat' dir='ltr'>quae</span> <span class='ocrx_word' id='word_1_177' title='bbox 224 3663 384 3744; x_wconf 88' lang='lat' dir='ltr'>sequuntur.</span> <span class='ocrx_word' id='word_1_178' title='bbox 425 3710 428 3714; x_wconf 27' lang='grc' dir='ltr'><em>ι</em></span> <span class='ocrx_word' id='word_1_179' title='bbox 676 3679 682 3692; x_wconf 78' lang='grc'><em>“</em></span> 
     </span>
    </p>
   </div>
   <div class='ocr_carea' id='block_1_4' title="bbox 158 3723 891 3842">
    <p class='ocr_par' dir='ltr' id='par_1_4' title="bbox 158 3723 891 3842">
     <span class='ocr_line' id='line_1_27' title="bbox 158 3723 891 3842; baseline -0.003 -4"><span class='ocrx_word' id='word_1_180' title='bbox 158 3769 251 3842; x_wconf 78' lang='grc' dir='ltr'><em>Τοπιι</em></span> <span class='ocrx_word' id='word_1_181' title='bbox 272 3769 343 3840; x_wconf 85' lang='grc' dir='ltr'><em>ΙΙΙ.</em></span> <span class='ocrx_word' id='word_1_182' title='bbox 598 3733 601 3738; x_wconf 24' lang='lat'>¹</span> <span class='ocrx_word' id='word_1_183' title='bbox 794 3769 826 3836; x_wconf 80' lang='lat'>1&lt;</span> <span class='ocrx_word' id='word_1_184' title='bbox 855 3723 861 3734; x_wconf 93' lang='lat'><strong>·</strong></span> <span class='ocrx_word' id='word_1_185' title='bbox 887 3754 891 3764; x_wconf 36' lang='lat'>³</span> 
     </span>
    </p>
   </div>
   <div class='ocr_carea' id='block_1_5' title="bbox 0 0 1374 4750">
    <p class='ocr_par' dir='ltr' id='par_1_5' title="bbox 0 0 1374 4750">
     <span class='ocr_line' id='line_1_28' title="bbox 0 0 1374 4750; baseline 0 0"><span class='ocrx_word' id='word_1_186' title='bbox 0 0 1374 4750; x_wconf 95' lang='lat' dir='ltr'> </span> 
     </span>
    </p>
   </div>
  </div>
 </body>
</html>
