2725 4750
361 508 598 616 ‘'A-'N
658 517 905 616 Aur·
959 507 1202 618 sr's'·

553 761 1104 837 ORATIONIS

402 943 725 1069 CONTRA
766 939 1274 1073 EUTHYNJUM

613 1357 1011 1418 Prorosrruu

356 1490 445 1597 Sur
459 1526 576 1614 ¹triginta
589 1531 713 1592 virorum
724 1531 888 1603 dominatu,
899 1533 999 1594 Nrciat
1009 1530 1125 1614 quidem
1136 1527 1274 1612 proscrip·

356 1653 400 1694 tus
420 1634 472 1694 tria
494 1634 597 1694 talenta
618 1632 745 1716 deposuit
768 1637 841 1718 aptid
863 1635 1024 1723 Fatrhynum
1049 1635 1246 1698 conibbrinum
1260 1681 1273 1706 ,

356 1735 439 1796 nuliis
452 1734 565 1796 testibus
575 1735 720 1800 adhibitis.
737 1741 811 1820 Qua
822 1730 910 1822 quum
923 1758 1076 1821 repeteret,
1085 1739 1143 1800 duo
1154 1741 1251 1820 recipit
1260 1783 1275 1807 ,

357 1841 469 1900 tertium
485 1837 629 1918 Euthynus
647 1840 740 1926 negat.
761 1847 793 1901 ln
809 1840 863 1902 boc
876 1835 961 1928 igitur
972 1841 1093 1929 consistit
1109 1860 1273 1904 controver-

358 1944 412 2014 sia,
427 1937 520 2004 utttim
533 1943 565 2004 fit
577 1944 749 2025 probabiiius
760 1948 875 2006 Niciam
887 1940 1027 2038 rcpoicere
1036 1945 1116 2027 quod
1126 1967 1184 2005 ooo
1193 1945 1275 2006 dede·

357 2049 412 2125 rit
428 2069 463 2108 an
477 2046 648 2129 Euthynum
651 2051 766 2108 retinere
778 2049 853 2131 qaod
861 2069 1002 2130 acceperit
1015 2055 1071 2110 Res
1080 2050 1205 2129 repetita
1215 2047 1275 2109 sunt

359 2150 473 2210 durante
482 2147 571 2211 adhuc
581 2147 757 2235 oligatchia,
769 2147 817 2212 scd
825 2144 906 2212 causa
918 2151 993 2252 dicia
1001 2149 1040 2212 est
1046 2149 1109 2232 post
1120 2148 1274 2212 restitutam

323 2245 339 2254 ”
361 2253 569 2314 democratiam
777 2275 780 2284 ·
943 2293 946 2298 -

730 2357 894 2419 Exordium.

401 2470 487 2525 Breve
499 2462 644 2525 exordium
657 2462 742 2525 sumit
755 2482 849 2524 orator
862 2463 901 2523 ab
911 2460 1028 2523 homine
1043 2480 1093 2543 pro
1106 2482 1168 2543 quo
1183 2459 1277 2544 loqui·

362 2585 415 2629 rur.

741 2668 892 2729 Narratio.

402 2781 504 2837 Narrat
524 2780 617 2858 paucis
629 2798 716 2860 quam
732 2777 772 2839 ob
782 2779 919 2837 rationem
932 2777 1031 2837 Nicias
1044 2777 1097 2835 tria
1109 2774 1219 2835 talenta
1230 2772 1278 2835 de·

362 2868 482 2961 posuerit
493 2879 565 2960 apud
577 2880 759 2961 Euthynum‚
778 2878 922 2962 quomodo
937 2880 961 2939 is
970 2897 1083 2963 rogatus
1094 2896 1126 2938 ut
1138 2877 1276 2947 redderet,

285 3012 289 3036 ι
364 2984 420 3043 duo
433 3002 539 3043 tantum
551 2982 715 3057 reddiderit,
727 3004 812 3045 unum
822 2984 982 3059 retinuerit,
995 2983 1083 3044 Nicia
1092 2982 1195 3043 condo
1205 2979 1277 3041 iilcrc

364 3084 405 3144 ob
418 3087 549 3166 temporis
561 3088 747 3169 iniquitatem.

722 3212 915 3291 continuatio.

405 3344 504 3423 Quum
516 3340 585 3401 nulli
596 3338 717 3402 adhibiti
727 3339 829 3403 brerint
840 3342 939 3413 testes,
952 3340 1055 3404 ueceffc
1064 3339 1105 3402 est
1118 3360 1179 3401 rem
1187 3342 1274 3401 evinci

366 3444 530 3524 conjecturis
544 3452 572 3506 bt
584 3448 761 3529 argumentis.
780 3448 924 3508 Evincitur
942 3446 1035 3529 itaque
1044 3443 1214 3526 probabilius
1224 3442 1274 3504 ede

364 3545 524 3627 Euthynum
536 3550 649 3609 retinere
660 3551 737 3633 quod
755 3532 991 3635 acceperit-quim
1004 3548 1118 3612 Niciam
1136 3544 1269 3630 reposcere

363 3650 439 3733 quod
450 3672 507 3711 nou
518 3648 642 3713 dederit:
