2725 4750
156 295 637 374 coutunioefflmn
654 295 856 370 omno.
899 323 964 390 ,η

64 442 208 552 fecisset,
226 477 328 547 quum
343 431 474 544 tiranni
484 499 494 531 ‚
513 473 622 518 rerum
641 467 814 545 potentes,
829 443 967 544 gratiam

66 568 219 642 haberent
233 571 309 642 talia
322 561 614 668 delinquentibus?
988 553 991 559 ’

112 792 159 855 2⁰.
183 785 330 857 Fortassis
343 808 453 858 autem
466 782 619 854 Lochites
635 807 708 854 rem
719 805 893 854 extenuare
907 807 967 852 co-

67 904 213 1004 nabitur,
238 915 291 990 &‚
307 905 547 1002 accusationem
562 901 770 986 cavillando,
792 902 879 974 dicet
894 927 968 973 vet·
1000 943 1003 947 ·

67 1026 140 1097 bera
157 1026 244 1099 nihil
265 1027 351 1098 mihi
371 1025 539 1109 nocuisse,
558 1051 664 1097 acme
681 1023 774 1125 supra
788 1023 889 1122 quam
905 1022 967 1096 de-

68 1171 132 1219 ceat
145 1149 262 1220 omnia
276 1148 382 1224 verbis
397 1145 605 1248 amplificate.
652 1245 655 1250 ,
751 1171 754 1179 ·

112 1386 181 1484 Ego
203 1388 282 1459 veto
306 1384 389 1458 fiiis
411 1413 482 1484 quae
498 1384 586 1458 falla
609 1385 685 1457 sunt
704 1383 795 1456 nulla
812 1383 967 1481 adjunola

68 1503 140 1578 esset
156 1503 379 1590 contumelia,
405 1533 577 1604 nunquam
594 1504 681 1605 apud
708 1531 766 1576 vos
789 1505 882 1602 queri
903 1531 968 1575 vo-

69 1623 211 1698 luissem:
230 1652 318 1698 nunc
342 1652 412 1698 non
433 1625 548 1698 damni
560 1652 619 1726 per
641 1624 778 1698 verbera
794 1623 884 1708 dati,
909 1621 968 1695 sed

70 1745 156 1844 ipsius
172 1744 366 1846 pulsationis
382 1753 418 1818 δε
439 1745 630 1845 ignominie
652 1772 765 1846 poenas
788 1772 865 1817 eum
884 1742 970 1814 mihi

69 1865 249 1964 persolvere
263 1865 341 1939 volo
354 1895 364 1961 3
384 1889 516 1966 propter
530 1893 600 1963 quae
614 1865 805 1940 hominibus
817 1865 968 1964 ingenuis

71 1987 347 2061 vehementissime
367 1986 460 2060 irasci
475 1987 650 2074 convenit,
674 1997 709 2060 &
724 1989 903 2065 maximam
920 1986 970 2061 ul-
1043 2085 1046 2089 ,

70 2108 192 2202 tionem
203 2106 365 2206 persequi.

113 2315 187 2424 Vos'
201 2347 312 2398 autem
326 2307 449 2410 video,
463 2352 569 2425 quum
585 2325 731 2425 aliquem
743 2326 903 2427 sacrilegii
915 2350 971 2399 aut

72 2444 145 2519 funi
164 2447 351 2532 damnatis,
373 2474 444 2519 non
462 2449 550 2546 juxti
572 2449 837 2549 magnitudinem
855 2445 972 2521 eorum

74 2595 138 2665 quae
151 2567 360 2653 abstulerint,
373 2596 507 2668 poenam
519 2568 685 2670 irrogare,
703 2570 761 2642 sed
777 2569 843 2643 sine
859 2566 982 2642 discti-⁴

73 2693 157 2763 mine
172 2717 290 2762 omnes
306 2715 414 2763 morte
434 2690 609 2775 muletam,
627 2700 662 2763 &
678 2719 809 2790 aequum
825 2691 975 2764 arbitrari

73 2812 173 2909 utqui
187 2811 306 2883 eadem
318 2810 463 2883 facinora
477 2810 706 2911 susceperunt,
718 2839 830 2911 poenas
840 2811 973 2885 easdem

74 2928 169 3005 luant.
204 2934 351 3035 Oportet
377 2932 478 3031 igitur
502 2932 544 3006 de
572 2932 815 3025 contumeliosis
840 2960 973 3032 quoque

74 3051 189 3127 eodem
204 3050 268 3125 esse
283 3079 342 3126 vos
361 3053 495 3137 auimo,
510 3078 618 3151 neque
633 3054 698 3124 hoc
714 3047 916 3127 considerare
932 3080 975 3153 an
1027 3046 1029 3049 ’

76 3196 140 3241 non
154 3172 299 3245 multum
316 3172 538 3257 verbetlrint,
552 3173 608 3246 sed
621 3201 663 3245 an
675 3173 784 3275 legem
801 3174 975 3270 violarint3

79 3373 977 3403 Ὗῄ-Ἣ

126 3489 169 3580 [l.
190 3528 202 3567 1
215 3492 261 3584 1.]
284 3502 405 3586 Αἰκίας,
420 3512 558 3597 intellige,
573 3511 702 3575 uiolentae
717 3509 891 3593 pulsationis.
908 3521 974 3573 Bae&

82 3603 196 3689 tieslegit
210 3600 343 3695 ciliniae.
640 3628 642 3633 ·
