2725 4750
251 299 586 424 nomenoi
612 319 837 427 oratio.
920 329 1008 442 '297

88 489 154 568 ‚libi
164 491 351 580 consuluit,
370 483 477 568 lisuas
487 520 566 594 opes
584 493 700 566 amicis
711 492 828 567 maluit
841 491 942 590 quim
955 489 1007 562 isti

11 655 12 672 1
90 611 292 712 relinquere.
320 616 405 700 Sin,
426 641 531 714 quum
556 614 639 688 nihil
664 613 784 688 difficlii
809 614 897 686 intet
919 611 1007 712 ipsos
1076 629 1078 633 ’

11 785 13 822 ξ
88 730 200 818 effer,
218 735 264 806 iti
289 735 514 834 negligens&
540 734 694 834 improba
715 735 751 806 in
769 734 865 808 illurn
885 731 1007 817 fuerit,

90 853 302 957 multlrxcette
310 856 432 956 aequilrs
440 857 504 932 suis
512 856 582 958 ipsa
591 856 899 958 bonisspoliaretur,
907 855 1010 954 quim
1051 863 1054 869 '

92 973 264 1052 bonomm
276 977 361 1050 illius
373 978 472 1064 haeres
483 978 587 1052 fieret.
607 978 792 1056 Vobiscum
802 980 901 1078 porto
913 1003 1010 1078 tepu·
1030 1014 1036 1023 ·

11 1167 14 1192 2
93 1117 165 1170 tate
192 1097 310 1182 illum,
327 1099 538 1197 quantumin
557 1098 615 1172 ista
630 1097 717 1184 fuit,
732 1124 841 1197 neque
850 1121 1011 1198 agrotan-

11 1281 23 1308 ,h
94 1238 169 1288 tem
191 1242 340 1295 curatum
364 1219 480 1306 finire,
500 1246 609 1319 neque
627 1245 797 1295 mortuum
816 1221 898 1317 julla
918 1215 1009 1289 obti-

11 1329 15 1448 ἑ
93 1335 221 1410 nuilse:
236 1366 307 1438 quae
319 1364 456 1440 utraque
468 1368 525 1442 per
533 1367 589 1414 me
602 1339 659 1440 ipsi
671 1340 889 1442 contigerunt.
902 1336 1010 1436 Atqui

11 1451 19 1466 '
93 1479 233 1556 aequum‘
247 1464 294 1534 est
309 1489 368 1536 vos
382 1464 418 1534 in
437 1462 599 1536 sentential
610 1461 748 1536 ferendi
757 1461 922 1562 spoliate,
939 1485 1009 1532 non

11 1589 12 1594 ’
94 1579 191 1678 stqui
201 1581 235 1655 se
246 1609 366 1684 genere
377 1571 545 1684 proximos
557 1583 620 1658 effe
630 1584 763 1669 dicunt,
777 1583 879 1684 reipsi
888 1582 920 1654 se
931 1608 1011 1682 prae·

95 1700 243 1778 buerunt
264 1704 444 1802 inimicos3
469 1703 527 1778 sed
546 1705 653 1779 multo
677 1705 787 1806 potilio
808 1705 1009 1805 quicumque

95 1823 307 1922 cognationis
321 1849 446 1897 nomen
457 1850 526 1896 non
537 1821 718 1909 habentes,
737 1822 772 1910 [e
786 1822 956 1896 amiciores
972 1821 1008 1894 in

11 1939 21 1978 '²
95 1943 358 2031 calamitatibus,
373 1944 474 2044 qulm
485 1943 543 2047 ipsa
557 1943 712 2046 cognati,
727 1937 949 2045 prestiterunt.
1006 1975 1010 1981 ·

346 2162 819 2235 Rarurnttm·

21 2386 24 2455 3
92 2402 94 2405 -
155 2359 210 2424 1⁰.
231 2350 282 2423 Ac
294 2352 523 2427 testamentum
535 2351 599 2425 hoc
617 2378 688 2425 non
703 2373 827 2453 negant
838 2350 903 2429 elle
919 2352 1015 2425 relic·

101 2496 177 2547 tum
193 2472 212 2544 al
227 2472 476 2569 Thrasylocho,
490 2473 549 2547 sed
565 2473 650 2545 bene
662 2482 698 2547 &
713 2474 801 2545 reoli
812 2471 938 2561 faelium
950 2474 1014 2547 effe

11 2584 25 2711 ζ
100 2618 236 2693 negant.
255 2592 386 2669 Verium
396 2646 407 2679 ,
424 2586 600 2695 AEginetae,
612 2592 671 2691 qui
683 2592 754 2666 fieri
764 2595 869 2693 potest
881 2592 1016 2691 utquise

12 2712 26 2807 ’ζ
101 2740 206 2813 quam
219 2711 282 2786 suis
296 2713 391 2787 rebus
410 2712 527 2787 melius
540 2736 596 2787 aut
608 2712 720 2787 utililas
730 2712 898 2799 consulat,
914 2712 1016 2812 quim

11 2814 14 2869 ‘³
104 2832 164 2907 ille
178 2834 236 2933 qui
249 2860 310 2907 nec
324 2832 487 2907 familiam
504 2828 596 2909 suain
612 2834 759 2936 extingui
777 2834 881 2937 pallus
896 2833 1015 2919 fuerit,

11 2938 25 3037 ἦ
104 2980 169 3027 nec
191 2954 304 3027 amicis
330 2954 470 3053 gratiam
493 2980 563 3027 non
586 2954 763 3050 retulerit3
787 2956 846 3055 qui
862 2978 1017 3058 praeterea
1115 3007 1118 3014 -

14 3094 20 3108 ’
104 3074 206 3147 matti
223 3072 394 3173 sororique
416 3072 502 3160 suae,
522 3101 597 3149 non
613 3073 706 3159 suam
723 3101 794 3148 tem
818 3074 1016 3149 familiarem

16 3222 20 3249 -’
101 3194 286 3279 duntaxat,
301 3192 469 3268 sedetiam
478 3194 867 3296 meatradiderit,quum
879 3196 1016 3272 alteram

11 3326 23 3377 'u
104 3342 246 3390 uxorem
259 3316 343 3388 mihi
360 3316 473 3402 daret,
491 3316 584 3390 alteri
601 3344 656 3391 me
669 3315 867 3420 adoptaret?
884 3318 940 3391 An
959 3298 1015 3392 ille

162 3577 205 3669 [l.
226 3576 303 3672 ψ]
322 3592 408 3679 Vulg.
418 3590 673 3678 martarita421egi
681 3588 844 3663 συνοικίσας
853 3614 916 3653 cum
926 3592 1014 3656 'Battie
1086 3667 1088 3671 Ι

113 3700 142 3753 &
157 3690 225 3751 edit.
238 3687 299 3751 Bas.
880 3690 882 3695 ’
1003 3707 1006 3713 ·
